4050 6192
322 245 400 303 CBB.
420 240 557 299 eretum
571 272 607 282 -
620 238 769 305 BONUM„
789 236 879 318 ETC„
898 235 964 292 sub
985 234 1101 291 contr
1121 231 1327 289 satttuttn'tls.
1341 262 1376 270 -
1396 229 1470 284 tri).
1490 228 1642 284 nantum.
1750 225 1805 283 bib

125 275 130 284 ·
164 251 216 310 abi

165 365 251 425 latri,
271 361 386 430 benigue
399 371 445 411 cos
461 354 540 412 solite
558 353 694 422 suscipere
710 350 839 420 jubeatis,
854 355 882 403 nt
896 362 958 402 eiua
974 349 996 410 Α
1010 360 1064 414 quc
1077 344 1111 398 ad
1123 350 1241 398 restium
1253 357 1268 394 a
1281 341 1337 395 Beo
1348 338 1488 394 fundatam
1499 338 1711 408 precellentium
1722 336 1808 393 desti-

165 458 259 530 ganiiiu
279 466 306 511 et
325 452 425 512 ellectu
445 465 548 512 cause,
571 455 599 502 et
619 444 782 501 exaltatione
797 453 897 498 sanetae
913 441 960 496 Bci
1013 444 1119 491 uacent.
1134 435 1187 491 Sed
1201 432 1336 504 nequead
1350 432 1432 487 vestii
1447 430 1680 502 manumissos
1692 429 1807 500 dirigere

165 550 292 604 Romanae
306 541 445 604 Ecclesia,
456 541 491 595 ad
504 553 553 592 uus
566 544 727 599 remeantes,
743 532 824 605 357
837 531 963 588 celeriter
1015 529 1163 592 ialiiimiis,
1179 544 1230 584 nec
1245 528 1278 582 ail
1299 532 1408 581 mistros
1421 523 1507 595 350
1519 523 1631 579 munis
1646 521 1810 594 coujiiiigere

164 633 365 694 eusatsoliere
380 627 544 701 dignemini,
563 633 593 681 ut
608 625 665 695 ipse
684 626 810 696 princeps
827 619 964 690 apostolu-
1015 618 1167 673 rolnemut.
1187 617 1289 672 Tamen
1309 624 1336 672 et
1356 614 1604 670 retinentissimum
1626 611 1739 669 lintrem
1761 628 1811 670 tite

166 739 224 782 miii
244 737 294 794 piu
315 720 394 776 rubis
414 718 565 774 intercedat
593 724 657 772 aute
677 714 783 769 Bnniiui
807 713 854 768 bei
876 710 963 766 nostri
1015 719 1101 764 stium
1118 707 1287 779 Philippum,
1303 722 1351 762 sen
1367 713 1396 761 et
1410 705 1570 764 Pasebalem
1587 712 1710 760 nostium
1725 718 1811 776 nepo·

166 812 351 882 maiestatem,
373 820 403 865 ut
422 808 537 878 amplius
553 815 672 862 restium
692 805 788 860 dilatet
807 819 920 876 reguum
937 812 965 859 ct
1016 810 1080 862 tem,
1093 801 1134 856 eis
1148 800 1309 865 direximus,
1321 807 1351 854 nt
1364 798 1465 855 uostris
1478 814 1509 854 se
1521 804 1719 869 presciuuieut
1732 798 1813 854 obtu-

166 902 293 958 i·ictoiias
307 901 411 954 tribuat
424 910 454 964 ις
471 912 574 967 nosque
587 896 638 951 etsi
653 902 810 967 peccatores
824 903 888 950 ante
901 909 965 948 eon·

119 989 127 1003 “
166 993 310 1049 sessionem
341 989 426 1060 ipsius
457 988 505 1043 lici
535 985 656 1058 Apostoli
688 985 800 1040 nundine
828 984 966 1039 ratramus

166 1100 271 1160 pieres

202 1173 235 1228 ili
245 1173 297 1227 boe
308 1178 462 1242 agnusmta
475 1170 530 1224 Beo
540 1175 662 1238 protecta
672 1166 851 1237 praecellentia
864 1174 964 1232 restra,

167 1266 230 1337 quia
246 1264 398 1334 aliquantas
412 1264 537 1318 ciuitates
551 1270 658 1316 nostras
674 1259 829 1329 Campaniae
848 1275 966 1329 operan-

168 1367 209 1412 tes
224 1355 316 1411 arnolt
332 1354 414 1408 resiri
426 1363 510 1424 atque
523 1351 618 1415 nostri,
631 1349 817 1405 nefandissimi
830 1349 967 1404 Bcneren·

168 1447 242 1512 tnui,
261 1446 311 1516 ipsi
333 1453 425 1499 nostia
445 1441 542 1514 populo
561 1440 756 1513 persuadentes
774 1438 934 1494 subtrahere
951 1455 967 1493 a

169 1549 264 1594 nostra
279 1538 382 1594 ditione
395 1537 545 1600 decertant,
561 1551 614 1588 una
626 1550 688 1589 cuni
701 1531 901 1588 habitatoribus
914 1531 966 1586 Ca·

169 1631 219 1688 stri
233 1629 367 1700 Caietani,
380 1644 428 1682 seu
442 1625 689 1691 Terracinensiiiui,
705 1624 856 1693 obligantes
871 1638 900 1678 se
919 1638 967 1676 ia-

1017 890 1089 945 tilms
1099 897 1146 944 aut
1154 889 1227 959 apud
1236 895 1354 945 instram
1365 886 1482 957 regalem
1492 886 1639 956 potentiam
1649 885 1814 957 coniungeie

1015 987 1203 1051 piopeiareiit
1220 979 1274 1035 Nic
1291 987 1354 1036 tunc
1369 979 1468 1035 nostris
1481 977 1713 1034 admonitionibus
1723 993 1755 1034 se
1768 991 1815 1033 uu·

1017 1074 1190 1129 commodare
1209 1072 1350 1127 roluermit
1368 1084 1391 1124 t.
1411 1072 1480 1126 Bniii
1495 1087 1560 1125 reio
1576 1085 1671 1126 eorum
1686 1071 1815 1140 nequitie

1017 1160 1166 1231 prauialeie
1185 1161 1298 1215 mininie
1315 1160 1468 1231 potuimus,
1484 1160 1666 1232 disposuimus
1685 1175 1748 1215 cuni
1767 1158 1814 1214 Bci

1017 1250 1119 1305 riruitc
1131 1259 1212 1320 atque
1227 1251 1329 1305 auxillo
1344 1263 1396 1305 uua
1413 1266 1475 1305 enni
1489 1259 1579 1306 restra
1595 1251 1717 1322 potentia
1731 1263 1814 1320 gene·

1019 1340 1102 1395 raleiu
1117 1348 1239 1395 nostrum
1252 1341 1402 1396 exereitum
1417 1339 1480 1395 illue
1491 1340 1617 1412 dirigere,
1630 1341 1675 1411 qui
1687 1356 1736 1396 eos
1748 1357 1815 1396 cuii-

1018 1437 1152 1507 stringere
1164 1436 1279 1490 debeant
1289 1441 1317 1489 et
1329 1434 1453 1489 inimicos
1465 1432 1537 1490 beati
1550 1433 1623 1488 Petri
1636 1441 1716 1505 atque
1731 1433 1816 1489 nostri

1019 1546 1066 1584 seii
1080 1529 1162 1583 rostri
1176 1529 1321 1583 emeinlare
1335 1526 1359 1580 d.

1056 1619 1108 1675 Sed
1125 1620 1241 1690 petimus
1254 1627 1291 1682 te,
1308 1617 1495 1673 aiiiaii'issiire
1509 1617 1553 1676 nti,
1572 1632 1662 1673 ourani
1678 1618 1733 1672 Bau
1745 1618 1817 1678 ritu,

170 1723 232 1778 bilis
252 1720 448 1782 sacramentis,
467 1718 603 1787 cumipse
620 1715 733 1786 patricio
746 1714 862 1779 Siciliae,
878 1713 923 1782 qui
939 1712 966 1767 in
985 1716 1049 1775 ιιιιι
1068 1711 1277 1768 neianilissiinos
1292 1721 1319 1766 et
1339 1711 1394 1764 Beo
1415 1709 1530 1765 attineo
1548 1709 1753 1765 Beneventanus
1770 1725 1820 1781 per

169 1815 300 1886 praedicto
314 1812 411 1870 Castro
425 1809 556 1878 Cajctiuo
570 1807 682 1872 residet,
697 1814 724 1860 et
737 1805 877 1860 decertant
890 1820 904 1857 a
918 1818 967 1874 pu·
1020 1812 1110 1859 sesua
1134 1804 1235 1874 scripta
1259 1807 1340 1872 atque
1361 1799 1549 1855 ililelissimiiin
1569 1811 1690 1854 iestmni
1706 1801 1819 1857 missurn

170 1912 268 1959 instate
281 1910 310 1958 et
325 1901 427 1956 ditione
440 1898 512 1954 beati
528 1897 602 1952 Petri
617 1905 644 1951 et
656 1905 749 1952 nostra
762 1895 872 1951 eosdem
886 1893 968 1948 Cani-
1020 1894 1195 1967 protestando
1206 1893 1322 1964 dirigere
1330 1890 1465 1962 jubeatis,
1480 1902 1510 1948 nt
1530 1908 1544 1948 a
1558 1893 1605 1949 tali
1619 1893 1711 1966 iniqua
1723 1909 1820 1967 opera·

169 2010 255 2064 pinos
272 2004 404 2060 usurpare
419 1995 447 2043 et
466 1986 581 2058 patricio
601 1986 700 2042 Sicilire
716 1984 862 2055 sniijugaie
876 1985 901 2037 ¹⁸.
916 1983 970 2041 b'os
1021 1968 1095 2043 tione
1112 1986 1290 2057 resipiscant,
1305 1997 1333 2041 et
1357 1986 1384 2040 in
1400 1985 1503 2041 nostris
1521 1983 1668 2054 Campanis
1687 1984 1751 2040 talla
1765 2001 1819 2041 nou

169 2100 236 2138 reru
251 2085 314 2137 aliun
331 2082 382 2136 boe
398 2080 485 2150 ipsum
497 2078 701 2150 agnoi‘isscuius
717 2076 823 2132 iiribus
835 2085 917 2145 atipue
929 2075 970 2129 ii·
1021 2077 1184 2142 iiniuittant,
1202 2076 1266 2146 qnia
1287 2091 1339 2130 nus
1355 2089 1405 2144 per
1424 2073 1528 2129 nollunt
1547 2083 1669 2129 tenorem
1682 2074 1755 2145 ipsus
1769 2090 1819 2129 ne-

170 2175 247 2228 cibus
264 2172 411 2226 adinnneie
431 2177 458 2224 ct
479 2167 629 2236 predicare
642 2181 691 2237 per
708 2175 816 2222 nosris
831 2165 972 2235 episcopos
1023 2167 1196 2222 binilissimos
1217 2165 1439 2231 Beneventanus,
1457 2172 1503 2222 ant
1522 2179 1616 2222 eorum
1634 2167 1732 2224 m'ssos
1748 2165 1820 2224 reci·

169 2275 196 2319 et
210 2263 307 2319 fideles
318 2261 389 2316 beati
403 2258 527 2316 Petrinis
539 2258 698 2322 direximus,
712 2257 851 2329 cupientes
862 2259 972 2312 eoslcin
1022 2272 1086 2326 pere
1105 2256 1242 2323 i·olnmus;
1260 2257 1309 2312 sed
1325 2272 1376 2311 nee
1385 2255 1418 2310 ιιι
1431 2257 1665 2311 consecrationem
1678 2257 1820 2328 epitumo·

169 2356 326 2424 Campanos
341 2369 391 2408 uos
406 2351 495 2420 salros
517 2352 632 2414 babere,
658 2360 688 2406 iit
708 2351 796 2421 aliqua
817 2350 919 2406 malitia
932 2351 973 2406 eis
1025 2364 1084 2403 uun
1095 2348 1245 2417 suscipere,
1257 2347 1321 2402 duni
1334 2347 1466 2402 contrarii
1478 2348 1550 2402 beati
1561 2347 1636 2402 Petri
1649 2347 1732 2420 359
1741 2356 1822 2419 atque

172 2447 286 2501 niiiiime
301 2445 439 2508 eieiiiret,
452 2451 482 2496 ut
497 2441 530 2497 aii
544 2442 630 2497 nostri
644 2443 815 2513 pnennuani
827 2441 974 2512 conjunge·
1022 2439 1109 2493 rostri
1129 2447 1156 2493 et
1177 2438 1261 2493 vestri
1280 2435 1369 2493 effecti
1389 2443 1453 2492 sunl
1473 2447 1496 2489 θ.
1522 2437 1626 2492 interea
1649 2439 1767 2507 petimus
1785 2449 1821 2504 te,

172 2546 242 2600 rent,
256 2544 305 2590 aut
314 2551 362 2605 pei·
375 2548 592 2603 unamquamque
605 2533 742 2589 eiiizatein
753 2534 884 2603 primatos
895 2533 974 2603 qniu-
1024 2542 1182 2599 magnetes
1196 2535 1224 2583 et
1237 2526 1393 2583 dulcissime
1407 2525 1456 2592 iili,
1469 2536 1499 2582 nt
1511 2527 1609 2582 sicnta
1623 2528 1701 2584 robis
1711 2545 1823 2599 poscere

170 2679 265 2720 eausa.
284 2661 398 2716 Basileia
417 2669 507 2716 tamen
520 2675 581 2717 esse
595 2664 684 2719 nullus
697 2664 912 2736 dubito,qnippe
925 2680 973 2718 eo-
1024 2679 1078 2718 non
1096 2672 1239 2719 senserunt
1258 2661 1407 2717 Adrianum
1424 2662 1458 2718 de
1470 2673 1502 2717 ea
1519 2661 1667 2732 Campania
1686 2679 1777 2733 agere,
1790 2665 1824 2720 de

172 2750 231 2792 rinii
244 2733 326 2788 rideo
339 2734 504 2787 mentionem
520 2733 578 2786 lieri
592 2742 622 2788 ut
635 2735 786 2804 legatorum
799 2750 868 2817 qnos
881 2749 974 2792 mense
1024 2750 1076 2804 qua
1096 2733 1154 2806 (ep.
1174 2733 1273 2797 aaut.
1298 2731 1331 2786 ll
1362 2730 1461 2788 Paulus
1483 2732 1494 2786 l
1513 2730 1687 2801 loquebatur,
1706 2733 1822 2800 ain'i'ssii,

172 2804 242 2860 llaio
260 2802 355 2872 paneis
369 2803 464 2857 diebus
477 2810 541 2857 ante
553 2814 679 2874 acceptas
697 2804 787 2874 regias
800 2804 906 2860 litteras
923 2807 973 2860 ini-
1023 2805 1197 2860 exeusatione
1210 2803 1282 2872 digni
1296 2801 1331 2857 rii
1341 2810 1462 2868 crentur,
1476 2802 1528 2858 nisi
1547 2799 1687 2858 sevidisse
1703 2800 1824 2859 lateren-

171 2874 247 2940 serit,
265 2888 320 2925 nou
332 2879 422 2926 antem
437 2879 467 2926 iit
481 2871 629 2943 legatorum
639 2887 707 2944 quos
719 2876 817 2930 iterum
829 2889 921 2932 mense
931 2890 975 2930 eo
1025 2881 1068 2928 tur
1081 2875 1175 2929 eadein
1191 2875 1217 2928 iii
1235 2873 1351 2944 epistola
1363 2872 1542 2927 amantissime
1554 2870 1604 2941 fili.
1621 2871 1651 2928 ld
1666 2888 1731 2928 reru
1746 2874 1823 2930 ines-

171 2945 231 2998 dem
252 2943 353 2996 mittut.
373 2941 429 2996 lion
442 2957 503 2996 euin
519 2941 609 2997 nullus
622 2944 691 2999 alius
705 2945 860 3000 uoiniuetoi
872 2953 920 2998 aut
934 2960 974 2999 ie·
1023 2943 1159 3000 ciisabiles
1170 2943 1274 3009 reddit,
1290 2957 1457 3013 quecunque
1471 2941 1544 2998 enim
1558 2943 1620 2997 data
1634 2953 1676 2999 est
1696 2955 1758 3013 post
1776 2961 1822 3000 aii.

171 3014 231 3082 gius
242 3021 293 3066 aut
309 3011 463 3081 puntitleius
476 3012 585 3078 missus,
602 3014 649 3069 sud
668 3015 695 3070 lii
710 3016 801 3085 potius
816 3013 886 3070 inira
901 3029 974 3069 euui-
1023 3015 1087 3080 781,
1102 3022 1149 3069 ant
1168 3015 1195 3069 iii
1209 3011 1400 3083 inscriptione,
1421 3018 1468 3068 aut
1481 3013 1511 3067 in
1522 3020 1649 3068 contextu
1665 3027 1824 3084 coiitpatrein

172 3085 346 3149 nieudentnr,
359 3083 417 3136 lucc
429 3082 542 3152 epistola
557 3084 590 3139 ad
604 3085 714 3140 eosdem
727 3085 834 3140 ridetur
846 3071 1010 3141 ocissimeC
1026 3085 1143 3156 appellat
1162 3083 1299 3148 Carolnm,
1321 3092 1352 3138 ιιι
1374 3083 1488 3154 quisque
1509 3083 1600 3140 ridere
1654 3092 1716 3140 test.
1735 3085 1826 3152 Quare

173 3152 334 3208 trausiiiissa
356 3162 385 3206 nt
407 3165 467 3205 eain
489 3167 541 3206 una
563 3169 625 3208 cuin
648 3154 733 3210 altera
755 3155 835 3211 iidem
860 3154 973 3219 seirent,
1026 3163 1162 3210 anteeuni
1176 3169 1277 3210 anunm
1290 3154 1607 3224 seriptainesscueitoa
1627 3155 1719 3209 irinati
1732 3155 1825 3212 debut.

172 3223 223 3276 nisi
239 3222 312 3276 torte
325 3220 489 3277 Wilebarius
505 3231 532 3275 ιι
547 3222 631 3285 Dodo,
646 3239 761 3293 quorum
777 3225 878 3280 mentio
891 3232 932 3281 est
947 3225 974 3279 in
1026 3224 1148 3296 Curiique
1161 3225 1236 3279 missi
1254 3223 1334 3277 iidem
1348 3232 1532 3278 memoremur
1543 3223 1589 3308 qni
1604 3223 1631 3277 iii
1647 3223 1825 3294 precedenti,

171 3307 228 3362 seq.
243 3293 338 3361 epist..
356 3291 456 3344 latores
469 3291 547 3359 liuius
559 3291 670 3348 luerint.
686 3294 770 3350 Cena.

206 3375 219 3403 ι
237 3362 377 3431 ipsissima
392 3361 451 3415 brec
467 3362 550 3417 rerba
569 3362 712 3432 proferunt
732 3364 975 3436 magdeburgenses

172 3447 205 3486 ei
227 3431 343 3513 epistola
362 3431 530 3513 quaminter
548 3433 675 3490 Paulines
694 3435 886 3506 reperuerunt
905 3436 975 3490 rebi-

173 3509 227 3556 tani
241 3503 382 3585 uiderunt¹
403 3501 451 3556 Ubi
469 3502 615 3587 ιιιιιιιιιιιι
632 3521 641 3554 ι
660 3503 694 3558 Bt
710 3519 760 3574 pro
777 3519 860 3574 regno
876 3506 975 3587 ampli-

173 3571 282 3626 niardo
297 3587 324 3626 iii
338 3578 417 3640 epist.
433 3570 468 3624 ιι
486 3574 520 3626 ail
534 3571 582 3642 Pip
602 3589 707 3628 innui.»
726 3574 838 3629 Names
855 3576 975 3643 epistole

173 3649 306 3782 ffinetlptxtg
319 3641 551 3791 ιέιριιιὸῧυιιιιιι
596 3653 606 3699 ι
623 3644 681 3713 ipse
696 3646 822 3716 princeps
843 3660 898 3714 ap,
920 3654 973 3700 ete.

262 3751 271 3765 .
308 3754 317 3777 ,
385 3750 392 3763 .
457 3732 491 3765 .i
519 3730 545 3767 n.

1027 3304 1114 3349 utram
1137 3312 1170 3350 iic
1182 3294 1215 3349 ad
1231 3308 1350 3350 nieiiseiii
1365 3293 1462 3348 blaiuiii
1477 3293 1540 3347 anni
1557 3291 1606 3345 ι77
1620 3295 1756 3364 pertinere
1772 3312 1825 3354 uon

1026 3374 1068 3420 est
1084 3311 1206 3420 deinum.
1221 3365 1260 3419 ln.

1064 3447 1075 3475 t
1094 3435 1123 3490 ln
1142 3434 1304 3507 precedenti
1322 3432 1437 3504 epistola
1459 3448 1494 3488 ne
1512 3433 1624 3489 rerlmm
1641 3433 1751 3502 quidem
1766 3434 1825 3490 Beni

1027 3506 1060 3560 de
1074 3505 1271 3560 beneventanis
1294 3504 1345 3558 ista
1365 3503 1539 3558 molientibus
1557 3503 1584 3558 in
1602 3503 1759 3585 Campaniae
1769 3504 1826 3559 Bo·

1027 3591 1114 3630 inaure
1128 3575 1254 3630 civitates
1267 3573 1334 3630 nibil
1347 3573 1457 3639 mirum,
1468 3573 1557 3643 prinio
1589 3572 1632 3628 uia
1645 3573 1735 3629 missis
1748 3574 1826 3644 plura

1026 3652 1134 3700 secreto
1146 3644 1299 3700 enarranda
1319 3644 1488 3705 crediderat,
1507 3589 1604 3698 deiniie
1623 3644 1686 3712 quia
1700 3646 1828 3713 sperabat

1027 3714 1137 3771 eosdem
1153 3723 1200 3772 aiit
1217 3715 1251 3771 nil
1276 3713 1414 3777 Carnium,
1429 3714 1540 3783 quicum
1560 3714 1700 3770 societatis
1726 3714 1828 3770 loedere

208 3783 223 3821 b
242 3780 404 3851 Peregiinns
419 3796 502 3851 agens
520 3783 554 3837 dc
574 3783 674 3839 linibus
691 3783 752 3840 duc.
772 3786 870 3839 Bauer.
886 3786 895 3853 (
903 3786 973 3841 Biss.
1023 3783 1112 3852 Jnncn
1124 3793 1217 3845 eram,
1233 3790 1280 3840 ant
1296 3782 1412 3839 Bomam
1423 3784 1546 3838 adituros
1563 3800 1642 3839 norat
1654 3785 1761 3840 iunium
1773 3785 1827 3840 ini-

172 3851 261 3922 5·²p·
287 3850 392 3905 Pratill.
420 3859 486 3904 tom.
508 3852 541 3916 v,
557 3869 621 3935 pag.
644 3853 719 3924 tat),
740 3856 835 3909 statuit
854 3856 975 3926 epistulae
1027 3855 1239 3925 petiandieigo.
1260 3853 1336 3909 Nune
1352 3865 1447 3907 corani
1468 3853 1661 3922 resipiscentiae
1684 3870 1732 3924 spe
1753 3854 1827 3909 oimii

175 3921 256 3988 buius
273 3921 438 3976 auctoritate
455 3920 629 3978 Terracinam
646 3941 655 3973 i
667 3923 768 3980 Graecis
781 3940 796 3978 ii
809 3923 907 3980 Carolo
921 3926 976 3981 ila-
1027 3923 1143 3994 alieeta,
1158 3939 1216 3978 reni
1227 3937 1336 3980 omneni
1350 3921 1489 3991 pateiauit.
1503 3922 1541 3976 ln.

173 4006 226 4060 gno
238 3993 405 4061 ademptam,
422 3989 605 4063 Romanaeque
622 3993 695 4048 Beel.
713 3995 911 4059 contributam,
927 3996 977 4052 ite
1064 3993 1077 4035 ‘¹
1093 3994 1261 4049 Deliberatio
1273 3992 1410 4064 pontilicis
1421 3992 1494 4049 serio
1505 3991 1680 4047 attendenda.
1697 3992 1730 4050 ri
1744 4003 1772 4048 et
1785 4009 1829 4049 ar·

174 4077 290 4131 mmqne
309 4062 345 4115 ab
363 4060 396 4116 iis
415 4061 529 4117 consilio
546 4063 654 4119 Aricliis
667 4065 756 4134 princ.
772 4063 918 4120 Benereuti
935 4082 976 4122 re
1028 4064 1080 4120 mis
1091 4064 1296 4119 Beneventanus
1308 4078 1405 4133 eogere
1417 4063 1475 4117 iult
1486 4069 1516 4117 ut
1526 4077 1543 4117 a
1553 4061 1657 4117 roceio
1669 4061 1828 4120 Graecorum

175 4141 293 4201 neptam.
315 4151 324 4184 i
344 4131 547 4188 Athenaeum
570 4133 650 4190 rcuia
670 4135 720 4188 iiii
750 4134 822 4190 docti
840 4134 975 4192 Adrianus
1027 4134 1193 4200 mellentum
1216 4150 1248 4192 ea
1268 4144 1377 4206 pmptei
1396 4133 1550 4203 geiinraleni
1571 4131 1700 4187 Ειιιιιιιι
1718 4135 1827 4191 exerui·

175 4201 219 4257 bic
232 4202 291 4272 agit
303 4201 338 4257 de
352 4201 548 4256 beneventanis
558 4201 661 4259 laedere
670 4201 773 4272 iuuetis
784 4220 846 4261 euni
859 4206 976 4275 patricio
1027 4214 1096 4267 tuni,
1113 4220 1209 4276 nempe
1222 4221 1257 4260 eii
1271 4213 1326 4264 tota
1339 4203 1443 4260 ilitinne
1456 4220 1517 4273 quie
1529 4213 1593 4260 tnnc
1604 4212 1665 4258 erat
1674 4218 1708 4260 eo
1718 4204 1828 4260 mittere

175 4270 276 4327 Siciliae
297 4287 376 4326 snam
395 4271 486 4326 sedem
504 4272 620 4327 liabeute
641 4274 668 4329 in
690 4273 786 4330 Castro
802 4274 932 4342 Cmetano
949 4286 976 4331 et
1027 4275 1178 4331 constituit.
1191 4275 1364 4330 Bitioautein
1380 4283 1448 4339 tota,
1464 4284 1494 4329 nt
1509 4281 1615 4334 counit
1626 4288 1660 4329 us
1678 4274 1826 4343 superiori·

174 4353 235 4397 eum
250 4339 468 4412 ipsis'CaJetanis
479 4349 507 4397 ιι
516 4341 768 4410 tarracinensibus,
781 4354 811 4399 ιιι
822 4343 976 4415 campanie
1028 4347 1087 4409 lius,
1101 4350 1162 4400 erat
1172 4346 1312 4416 pmriiieia
1326 4343 1458 4407 Barpana,
1471 4359 1518 4399 seu
1531 4343 1619 4401 Bo‘ma
1632 4353 1659 4400 et
1671 4342 1732 4411 ejus
1742 4345 1828 4402 dueu-

176 4411 306 4467 Bomane
323 4413 447 4468 civitates
467 4412 642 4478 iniailereut,
661 4430 748 4484 neque
764 4415 848 4470 ullum
865 4416 976 4473 omniuo
992 4441 1017 4498 q,
1030 4426 1083 4480 tiis,
1097 4415 1267 4472 Exaruliatns
1281 4423 1310 4472 ιι
1327 4413 1489 4485 Peiitnpoies
1502 4415 1572 4478 dnae,
1590 4430 1622 4470 au
1640 4413 1738 4469 'l'nscia
1754 4414 1828 4470 baii-

174 4482 307 4538 iudicimn
329 4483 433 4563 praebet
450 4482 590 4552 acquisitae
602 4484 744 4540 amissaere
762 4484 833 4540 illins
846 4486 974 4543 civitatis.
1030 4485 1222 4556 gebardorum.
1238 4483 1365 4541 neni-aii
1383 4486 1446 4541 liuic
1462 4485 1593 4540 exercitui
1610 4485 1827 4550 &solitaurilia

174 4551 266 4622 Longe
283 4567 372 4622 niaior
385 4551 541 4608 allucinatio
560 4561 602 4608 cst
613 4553 710 4610 Cointii
720 4565 748 4609 et
758 4555 842 4626 Pagii,
856 4557 902 4638 qui
913 4571 975 4613 euin

224 4624 300 4677 nitur
313 4623 369 4694 (an.
383 4621 445 4686 788,
462 4639 490 4676 n.
506 4623 518 4678 ι
534 4638 610 4693 seqq.
627 4664 634 4678 .
652 4625 727 4680 llane
741 4626 814 4681 enini
832 4626 975 4697 epistulam

174 4637 305 4748 merant
320 4693 354 4747 ad
368 4709 414 4748 an.
430 4692 491 4756 788,
508 4695 607 4775 quippe
627 4695 673 4763 qui
694 4695 870 4766 Cainpaniaiu
891 4697 976 4753 Bene·

175 4763 287 4817 rentaui
310 4764 425 4818 ducatus
447 4764 472 4818 in
497 4763 608 4818 Adriani
630 4765 729 4822 litteris
750 4767 893 4822 memorari
912 4777 976 4823 sunt

176 4835 240 4896 rati,
253 4832 332 4918 eujus
346 4833 470 4888 civitates
487 4833 589 4902 aliquot
602 4849 738 4891 concessae
754 4835 860 4891 inerant
874 4847 976 4908 sanetae

175 4904 233 4957 sedi
248 4903 385 4968 aCaiolo,
404 4903 449 4972 qni
466 4919 511 4958 aii.
529 4906 691 4973 praecedenti
712 4906 763 4962 787
781 4921 858 4962 suain
881 4908 909 4964 iti
928 4924 976 4978 po-

176 4981 303 5028 testatem
315 4988 378 5029 euin
394 4973 522 5029 dnenuui
537 4975 689 5054 redegerat.
701 4977 759 5042 Qua
773 4975 800 5031 iii
813 4993 842 5031 ic
852 4977 978 5049 Peregri-

127 5049 132 5060 ’
176 5043 239 5096 nius
257 5060 310 5097 uon
323 5052 366 5098 est
379 5042 507 5114 deceptus
520 5043 550 5126 (1.
562 5045 623 5116 eit.)
639 5062 646 5099 ε
661 5044 749 5100 lnenui
765 5046 839 5101 euim
854 5048 976 5117 epistole

176 5113 290 5166 Adriani
312 5113 468 5183 proiciens,
487 5116 532 5170 ulii
550 5115 624 5169 ionii
643 5116 676 5169 ad
698 5132 794 5171 nomen
812 5117 975 5188 Cauipnin‘ie,

176 5184 307 5240 contiuuo
322 5184 414 5239 subdit
427 5183 563 5240 Bouiania.
582 5184 746 5242 lluratar'ms
760 5185 842 5258 Pagio
857 5197 883 5243 et
896 5188 977 5243 Cuiu-

177 5252 217 5306 tio
233 5254 365 5318 adbeiet,
387 5261 416 5307 nt
434 5253 491 5310 ieie
509 5270 625 5325 semper,
648 5256 700 5311 nisi
723 5273 779 5313 sne
796 5258 978 5314 adversantur

175 5322 314 5392 opimone
331 5339 447 5394 eumque
461 5324 547 5379 locuni
562 5326 683 5382 inreuiie
696 5328 847 5397 nequireiit
859 5329 904 5384 isti
915 5331 973 5399 epi·

176 5392 271 5458 stole,
284 5396 319 5451 ad
331 5409 431 5449 annum
447 5394 530 5450 ieieit
545 5396 593 5452 itii
611 5404 738 5467 tanqnain
752 5398 862 5455 incertae
875 5401 974 5463 atatis,

177 5475 228 5532 pro
240 5477 314 5521 certo
324 5463 473 5529 allirmans,
488 5466 577 5522 datam
596 5482 656 5522 esse
673 5478 733 5538 post
764 5487 809 5523 aii.
824 5469 887 5534 737,
903 5470 976 5539 quoil

176 5541 243 5588 aute
263 5550 325 5591 enin
343 5550 444 5590 amium
460 5536 659 5603 Beneuentani,
674 5555 705 5595 ac
718 5539 831 5609 proinde
845 5540 976 5609 Campani

176 5601 277 5660 Carolo
293 5604 391 5677 llagno
410 5606 482 5661 band
500 5608 641 5677 parebant.
655 5608 780 5665 Attamen
794 5619 823 5665 et
842 5609 975 5675 Ctiiutius,

178 5683 207 5731 et
218 5676 325 5746 meins,
335 5689 363 5733 ct
375 5676 536 5734 lluiatoiins
547 5676 700 5750 Cninpuuiie
710 5696 775 5736 rece
787 5679 902 5751 decepti,
914 5681 977 5752 quia

1030 4564 1095 4625 puta
1107 4570 1139 4611 eii
1156 4555 1298 4612 ducatibus
1312 4555 1417 4610 Tusciae
1429 4553 1537 4625 Regalis
1552 4565 1580 4610 ιι
1591 4554 1711 4626 Spoleti,
1726 4554 1828 4613 delibe-

1031 4625 1100 4707 rasit
1109 4624 1265 4707 adjungere.
1277 4626 1336 4681 llno
1344 4625 1409 4681 bine
1418 4626 1676 4710 dilucideeriinnttir
1684 4645 1690 4680 ε
1698 4625 1827 4708 priimum.

1293 4696 1827 4849 nana

1029 4851 1098 4906 quos
1114 4835 1228 4892 Carolus
1246 4852 1296 4906 per
1311 4851 1376 4892 suos
1398 4836 1483 4892 duces
1499 4836 1694 4892 adimuistrans
1710 4851 1764 4905 pio
1785 4851 1829 4892 sn

1029 4921 1123 4978 premo
1136 4904 1200 4975 iure
1211 4907 1283 4976 quod
1298 4907 1351 4962 sili
1370 4906 1529 4968 retinuerat,
1550 4906 1605 4962 diri
1624 4905 1698 4964 Petri
1715 4914 1743 4962 ιι
1760 4922 1829 4978 pon·

1030 4976 1111 5032 tillcis
1125 4977 1253 5046 potestati
1263 4975 1432 5046 sulieeerau
1447 4986 1477 5032 nt
1491 4976 1573 5046 paula
1586 4975 1655 5030 iulia
1667 4975 1723 5047 (ep.
1733 4976 1778 5042 tt,
1791 4978 1826 5032 al.

1028 5047 1073 5116 bi)
1085 5048 1138 5102 eiii
1149 5047 1316 5111 evidentium
1334 5062 1415 5116 quani
1431 5062 1488 5102 iem
1505 5049 1562 5116 ipse
1583 5045 1748 5103 liuiutarius
1763 5047 1826 5117 (iiii.

1030 5116 1082 5172 'itti'i
1094 5117 1120 5186 ι,
1144 5117 1247 5172 olfecit.
1269 5118 1323 5174 Seii
1348 5117 1479 5174 vicariani
1499 5115 1648 5185 mniicieus
1665 5126 1827 5189 potestatem

1029 5187 1152 5267 poiititici
1166 5203 1324 5245 ooneessain
1344 5188 1371 5242 iii
1389 5196 1446 5243 toto
1467 5203 1551 5259 regan
1575 5188 1669 5252 ltaliam
1687 5185 1829 5243 conlinidit

1025 5272 1201 5380 pugnansque
1213 5258 1427 5385 ullnifiielinierei
1440 5258 1597 5328 presidium
1613 5257 1700 5382 affari.
1716 5256 1754 5337 lu.

1029 5398 1081 5479 lein
1112 5336 1269 5467 tiltgoeuflfflnt
1292 5336 1653 5479 ιὲξιιῗέἐῖἑῐιὶυξωξιξιξιιιιιι
1670 5340 1828 5462 Imm

1029 5468 1091 5523 aliis
1109 5466 1211 5523 Samnii
1225 5470 1360 5540 episimis
1375 5469 1498 5526 Bouiano
1511 5468 1632 5538 penitstta
1642 5474 1725 5522 etiarn
1739 5466 1826 5525 Beue-

1030 5547 1164 5594 ieutaniis
1182 5537 1392 5611 suffragabatur.
1411 5541 1440 5595 ln
1456 5537 1568 5595 Samnio
1590 5547 1768 5596 immeramur
1779 5553 1823 5609 ap,

1031 5608 1167 5664 Lnbbeum
1186 5608 1264 5665 liniri.
1290 5610 1369 5667 Pam.
1395 5606 1609 5676 obnisnln'ecii:
1635 5627 1644 5658 i
1666 5608 1824 5679 nliplinins,

1030 5680 1247 5751 liconientauiis,
1276 5680 1464 5747 minuendi,
1491 5678 1704 5752 Frequentibus,
1730 5679 1825 5738 outn-
