4050 6192
233 273 299 351 'too
691 278 1234 363 ncneoiiricniouiniirsi.
1256 302 1378 367 scorto
1395 303 1438 366 m.
1811 321 1855 383 ooo

245 422 317 465 anno
330 415 432 466 sanctu
457 407 663 486 resurrectionis
678 410 721 466 dio
745 408 894 468 hominico.
911 411 968 471 Sub
982 416 1034 471 hac
1049 421 1072 480 Α
1085 417 1321 490 plomataobscure
1330 421 1473 480 admodum
1483 422 1639 495 loquuntur,
1654 425 1794 489 adtentum
1804 451 1857 496 esse

247 477 403 535 conditione
420 477 500 563 huius
514 479 688 604 zemolvendc
700 478 836 552 pensionis
846 483 996 568 obligotme,
1006 495 1035 541 et
1085 487 1857 567 aliquldridetur,utSlciliaecitrapharuutpatsnullannru
1944 504 1946 508 ’

243 561 339 631 omnes
358 563 433 605 meos
448 565 505 633 sire
538 549 642 615 eredes,
665 565 723 606 sive
738 555 971 635 successoresttbi
986 555 1035 612 do-
1082 559 1251 629 probationis
1264 561 1391 634 indigeat,
1407 579 1468 619 cuin
1481 566 1515 622 de
1528 565 1616 621 utrius
1637 567 1773 626 ussitilin
1785 585 1857 646 rogito

244 633 319 673 mino
342 634 403 675 meo
423 619 533 676 Nicolao
548 634 617 746 ᾕρεε
638 628 666 675 et
680 623 881 678 successoribus
899 623 963 680 tuis.
987 625 1034 682 Sic
1084 630 1235 685 subsecutis
1249 633 1415 702 temporibus
1428 635 1580 691 sormoerit
1593 636 1696 708 (Diss'l
1716 635 1754 710 §l
1775 646 1856 717 nli).

244 688 371 745 mebeus
385 688 492 760 adiuret
506 698 534 745 et
582 760 588 772 ι
625 701 718 773 sancta
737 691 892 777 Evangelia
909 712 921 778 ι
938 694 1034 767 Sequi-
1083 697 1239 768 Capuanum
1250 701 1430 772 principatum
1449 702 1506 775 jam
1527 706 1645 762 diximus
1664 680 1791 766 {lisiardo
1805 729 1858 771 esso

242 765 498 843 turnsacrameit'tum
518 759 655 817 tidelitatls
673 760 811 844 aliquanto
823 763 955 832 prolixius
969 781 1032 821 cum
1083 769 1211 826 traditum
1225 771 1392 844 adiegorio
1409 774 1447 829 ita
1460 784 1549 831 tamen
1560 784 1591 831 ut
1603 775 1798 846 Neapolitanum
1814 782 1859 839 dti-

243 826 361 884 indicata
381 829 572 894 auditiuncula,
586 831 658 900 quod
672 831 771 887 videsis
784 833 855 901 apud
875 834 1030 892 Biennium.
1083 848 1174 894 catum
1190 842 1353 911 acquireret.
1381 843 1411 899 ld
1424 855 1486 900 aute
1504 861 1605 901 aunum
1620 846 1696 911 1159,
1725 860 1858 910 sextnmct

242 895 331 982 Capsu
353 897 448 983 viginti
472 915 605 956 annorum
628 901 882 980 pluraerenerunt,
901 919 961 976 quse
977 917 1032 963 non
1083 910 1277 981 sexagesimum
1295 919 1355 983 post
1377 913 1507 982 eiusmodi
1523 917 1717 983 investituram,
1734 935 1784 975 non
1796 920 1858 978 acci·

241 970 361 1025 modicas
371 979 444 1025 inter
452 979 572 1026 sanctam
583 972 673 1026 sedem
684 979 711 1025 et
724 971 870 1027 llobertum
881 974 1033 1032 simultates
1082 979 1131 1034 dit.
1166 978 1329 1051 Namquceo
1353 999 1504 1041 annocum
1531 983 1703 1044 innocentius
1730 988 1750 1045 ll
1773 1000 1858 1048 contra

241 1051 385 1110 peperere;
409 1040 545 1123 Richardo
562 1040 676 1124 iuterim·
689 1039 788 1111 Capuae
809 1044 931 1127 principe
952 1060 1032 1101 suum
1083 1047 1228 1132 bogerium
1251 1050 1373 1108 duxisset
1390 1057 1548 1124 exercitum,
1569 1065 1651 1128 captu
1702 1070 1800 1115 cesset
1816 1076 1861 1131 per

241 1117 441 1191 succinentium
454 1110 592 1168 fidelitatis
613 1111 759 1167 exhibente
781 1113 902 1182 pontillci
925 1113 1030 1186 Grego-
1081 1117 1194 1175 insidias
1203 1136 1235 1177 ac
1249 1122 1345 1178 ductus
1358 1123 1384 1178 in
1396 1125 1468 1198 regia
1482 1135 1571 1183 castra
1583 1141 1667 1197 prope
1717 1138 1849 1185 merentum

240 1178 1031 1262 nolll,dumCapuaeeratannoldi3‚quodapudeumdem
1085 1204 1138 1244 ise
1148 1189 1306 1248 destitutum
1320 1193 1420 1250 virtute
1431 1205 1459 1251 et
1474 1197 1568 1260 armis,
1597 1197 1780 1253 etdesolatum
1796 1172 1860 1284 aspi:

240 1246 384 1333 baronium
394 1259 485 1317 exstat
499 1251 571 1325 (eod.
589 1266 614 1305 a.
626 1266 654 1306 n.
666 1248 722 1321 63).
736 1251 870 1335 bobertus
881 1261 971 1335 autem
981 1270 1031 1312 sna
1081 1260 1217 1323 ciens‚·ait
1228 1257 1309 1318 lialco
1319 1264 1353 1319 ad
1369 1266 1494 1322 eumdem
1507 1280 1617 1334 annum,
1637 1268 1760 1336 precibus
1785 1284 1859 1342 regis,

239 1316 423 1402 dominatione
431 1321 517 1404 ‘longe
530 1329 619 1386 aucta,
643 1329 793 1403 presertim
817 1338 845 1378 tn
869 1322 980 1390 Sicilia,
1002 1326 1030 1380 in
1080 1337 1108 1382 et
1118 1330 1291 1400 petitionibus
1303 1335 1428 1397 assensit,
1444 1343 1472 1390 et
1483 1336 1676 1406 capitularibus
1689 1345 1716 1391 ct
1744 1338 1799 1392 riril
1831 1340 1861 1396 ”s

239 1397 354 1474 gratiam
381 1391 462 1446 rediit
489 1406 551 1448 cuin
571 1389 723 1473 Cregorio,
752 1390 795 1446 cul
830 1400 1030 1480 sacramentum
1081 1399 1114 1454 ab
1129 1403 1460 1473 utraquepartellrniatis,
1474 1421 1521 1462 reu
1535 1405 1601 1475 ipse,
1616 1352 1788 1463 etdiixKlius
1821 1425 1860 1472 us,

238 1469 366 1543 praestitit
387 1460 526 1544 aliquanto
544 1459 616 1543 aliud
644 1462 678 1516 ab
702 1476 754 1528 eo,
803 1463 855 1517 uod
879 1462 990 1521 hicolio
1007 1465 1030 1520 ll
1080 1475 1108 1525 et
1127 1471 1263 1540 principes
1278 1472 1310 1526 ll
1328 1474 1373 1529 die
1395 1484 1483 1529 stante
1508 1477 1608 1531 mensis
1629 1474 1692 1531 iulii
1708 1485 1768 1531 ante
1784 1478 1863 1549 ipsim

238 1540 412 1652 Rraesuteiat.
428 1531 625 1614 'Discrepantta
646 1538 742 1587 notatu
769 1546 845 1654 ⁸tgna
868 1543 920 1589 est.
946 1535 1030 1607 ‹Ego
1080 1539 1219 1608 apostolici
1225 1545 1401 1623 praesentiam
1413 1544 1534 1612 veniunt,
1557 1553 1585 1600 et
1598 1536 1711 1615 peditius
1722 1547 1778 1616 ejus
1787 1549 1862 1605 adso-

262 1599 435 1685 obertusllei
449 1602 578 1688 gratia-‘et
592 1601 672 1672 150
691 1609 775 1656 sancti
815 1602 866 1658 etri
876 1644 892 1685 ,ι
905 1604 1028 1675 Apuliae,
1080 1607 1129 1664 luti
1141 1609 1353 1667 misericordiam
1365 1622 1470 1683 petunt,
1496 1623 1523 1670 et
1537 1616 1569 1670 ad
1582 1616 1720 1685 pontilicis
1730 1619 1862 1687 imperium

238 1677 265 1723 nt
280 1667 422 1753 Calabria,
434 1679 461 1729 et
471 1672 571 1755 §miliae
582 1671 645 1755 dur.
664 1690 673 1724 ι
689 1669 723 1755 Et
733 1680 794 1741 post
804 1686 966 1756 promissam
982 1675 1030 1731 dc·
1079 1693 1271 1751 usquequaque
1288 1681 1441 1738 flectuntur.
1472 1683 1606 1741 Continuo
1617 1687 1808 1757 pererangelia
1819 1688 1863 1743 llr-

240 1743 386 1797 iensionem
400 1742 530 1866 regalium
544 1750 629 1797 sancti
646 1741 727 1806 Petri,
743 1753 936 1812 prosequitur:
951 1764 961 1796 ι
975 1745 1029 1800 Ex·
1042 1768 1068 1830 B
1082 1758 1224 1805 niaucrunt
1238 1752 1318 1809 ιιειιιο
1329 1751 1410 1809 Petm
1426 1760 1454 1809 et
1476 1754 1633 1811 innocentio
1648 1770 1681 1825 pa
1701 1773 1733 1821 nr,
1760 1756 1801 1825 eju
1833 1772 1863 1813 us

236 1819 314 1879 cepta
354 1820 412 1895 arte
450 1812 560 1868 irmanae
578 1809 723 1876 llarcblm,
743 1819 770 1866 et
789 1810 921 1895 salerno,
948 1825 1029 1886 atque
1081 1821 1284 1877 suecessoribus
1312 1825 1441 1879 canonice
1469 1824 1630 1882 intrantibus
1652 1827 1670 1880 0
1690 1827 1804 1884 clitatem
1838 1844 1863 1883 e·

237 1879 332 1962 hmalp
352 1897 388 1947 ia,
404 1883 476 1937 unde
494 1882 583 1965 adhuc
605 1881 676 1936 lacta
698 1897 753 1936 noti
774 1889 816 1937 est
831 1883 974 1950 dtlliuitio,
1001 1895 1031 1942 ct
1080 1887 1160 1954 lerre,
1175 1899 1272 1947 caetera
1292 1908 1326 1949 ue
1338 1910 1398 1963 quae
1411 1895 1563 1965 conscripta
1578 1904 1652 1953 sunt.
1672 1895 1738 1969 Regi
1749 1897 1863 1953 venolio·

236 1948 369 2020 adiuvabo
384 1960 420 2018 te,
434 1962 463 2007 ut
478 1951 626 2010 honorifice
646 1959 674 2006 et
686 1966 782 2007 secure
796 1960 888 2009 teneas
901 1964 1029 2025 papatum
1079 1959 1154 2028 gerio
1169 1908 1293 2017 surim}

236 2019 397 2105 Romanum.
415 2023 527 2078 Terram
540 2021 626 2078 sancti
639 2020 723 2105 Petri,
735 2037 816 2093 quani
835 2038 907 2079 nuiic
928 2033 1027 2094 tenes,
1079 2027 1138 2109 ejus
1154 2029 1215 2087 duci
1229 2030 1284 2087 lilio
1305 2033 1432 2088 ducatum
1443 2034 1561 2105 hpulim,
1582 2035 1698 2106 principi
1716 2037 1792 2092 alteri
1814 2037 1864 2092 lilio

234 2090 434 2175 rel'habtturus
457 2108 497 2158 es,
518 2101 661 2163 postquam
674 2107 780 2176 scirem
793 2099 845 2148 tuae
860 2108 920 2150 esse
938 2104 1029 2165 potes-
1079 2112 1136 2167 eius
1149 2100 1328 2171 principatum
1340 2104 1527 2173 capuannmla
1561 2105 1615 2160 itus
1634 2113 1715 2161 est.»
1751 2106 1863 2177 biploma

234 2169 308 2226 uitis,
327 2176 377 2218 nec
392 2164 529 2225 inuadere,
549 2176 753 2231 nccacqmrere
767 2178 924 2233 quaeram.»
1078 2170 1255 2238 pontilicium,
1299 2173 1352 2227 uod
1374 2189 1423 2230 suo
1445 2174 1503 2230 loco
1561 2183 1663 2242 eretur,
1686 2178 1732 2232 uui
1754 2176 1863 2247 lingerio

268 2231 340 2315 lllll.
365 2232 506 2318 Appositis
515 2232 575 2289 istae
588 2234 757 2316 conditiones
784 2225 872 2316 lucebi
891 2235 1028 2306 accipiunt
1078 2240 1168 2295 oninin
1182 2187 1316 2297 concedit.
1341 2240 1502 2300 Pauloinira
1514 2245 1583 2299 idem
1594 2244 1798 2303 Falconarrare
1808 2261 1864 2317 per·

233 2302 268 2358 ab
281 2319 339 2373 ipsa
350 2303 486 2374 pontilicis
499 2311 671 2370 investitura,
707 2312 890 2360 uaecontiuuo
905 2307 1028 2375 sequitur
1078 2308 1127 2379 git,
1139 2312 1364 2380 quemadmodum
1393 2313 1863 2388 iinhisdiebusctreslleaponnnt

233 2372 260 2427 iii
278 2381 385 2456 regesto
395 2374 476 2444 Creg.
489 2372 534 2430 ltl
546 2373 651 2456 iiicod.
668 2320 828 2456 Albinianis,
848 2384 876 2429 et
891 2377 961 2500 aRud
976 2377 1027 2430 Ba·
1077 2379 1411 2448 ueneruntBeneventum,
1421 2391 1449 2439 ct
1462 2384 1599 2440 civitatem
1612 2384 1750 2457 Neapolim
1762 2387 1795 2441 ad
1805 2386 1864 2454 lide·

234 2458 362 2498 ronium:
381 2460 389 2494 t
405 2444 462 2515 Ego
473 2443 620 2527 Gregorius
633 2459 701 2515 papa
715 2450 829 2499 intesta
846 2452 883 2508 te,
932 2446 1027 2502 oberte
1078 2447 1180 2505 litatem
1197 2450 1298 2506 domini
1314 2463 1345 2507 re
1364 2452 1387 2509 's
1408 2454 1565 2520 tradentes,
1589 2454 1686 2511 tluceni
1710 2456 1793 2512 illium
1810 2453 1864 2523 ejus

232 2513 297 2577 dux,
309 2515 343 2570 de
362 2519 436 2569 terra
454 2529 536 2599 quam
558 2515 607 2569 tilii
624 2521 816 2569 concesserunt
839 2525 1026 2571 antecessores
1077 2518 1221 2580 duxeruut,
1238 2530 1264 2575 et
1276 2468 1371 2591 ciusg¹

232 2583 348 2639 meisa.
371 2599 426 2641 me.
441 2582 568 2640 Nicolaus
592 2593 621 2641 et
643 2583 805 2639 Alexander.
831 2583 870 2639 Dc
893 2584 939 2640 illa
960 2600 1026 2642 sero
1076 2586 1230 2645 habuerunt
1243 2589 1324 2646 linem
1337 2592 1506 2663 Neapolitani
1528 2595 1619 2658 duces,
1639 2604 1671 2651 ut
1684 2595 1864 2651 animaduertit

232 2660 325 2720 terra,
342 2669 424 2737 quam
446 2655 454 2710 l
471 2653 545 2723 iuste
562 2663 648 2737 tenes,
670 2654 740 2738 sicut
764 2662 807 2710 est
831 2652 978 2738 Salernus3
997 2666 1025 2712 et
1076 2657 1204 2715 Pratillus
1215 2660 1249 2714 ad
1264 2658 1366 2717 Chron·
1380 2663 1464 2733 Neap.
1478 2663 1555 2736 (tom.
1571 2663 1614 2728 lll,
1625 2679 1655 2734 p.
1663 2664 1718 2736 80),
1750 2666 1777 2720 ui
1790 2664 1864 2719 simul

231 2723 383 2794 limalphia,
395 2732 423 2781 et
438 2742 503 2797 pars
521 2725 640 2782 llarcliie
655 2723 790 2807 Firmaiie,
803 2731 910 2781 nuncto
921 2733 1025 2797 patten—
1077 2728 1183 2785 initium
1197 2729 1247 2784 luit
1258 2729 1505 2788 Northmannnrum
1516 2731 1710 2790 dominationis
1731 2681 1864 2791 adunatio

231 2802 274 2850 tcr
288 2796 409 2852 sustineo
422 2794 450 2851 in
461 2796 509 2851 Dei
519 2803 546 2851 et
562 2804 607 2850 tua
622 2793 802 2859 confluentia,
824 2801 855 2849 ut
880 2803 907 2850 tn
929 2806 1024 2866 postea
1073 2798 1144 2868 jure,
1159 2815 1191 2855 ac
1210 2802 1379 2871 prescriptio
1399 2802 1445 2858 illa
1467 2812 1508 2858 tot
1518 2802 1689 2870 seculorum,
1710 2820 1770 2875 quie
1787 2820 1865 2859 anna·

230 2865 327 2922 exinde
338 2867 372 2921 ad
386 2868 515 2922 honorem
530 2866 578 2921 Dei
591 2873 618 2921 et
635 2862 721 2920 sancti
736 2862 809 2919 Petri
823 2865 860 2920 ita
872 2875 898 2923 te
912 2866 1022 2933 habeas,
1077 2869 1167 2924 lislam
1186 2869 1282 2925 italum
1302 2869 1382 2927 lateri
1397 2874 1536 2943 compulit,
1557 2870 1667 2941 dejure
1688 2873 1863 2929 Romanorum

230 2934 300 2992 sicut
311 2943 339 2992 et
350 2951 480 3007 reagere,
491 2943 520 2991 et
533 2950 575 2992 me
587 2936 724 3016 suscipere
735 2934 821 3000 (lecet,
832 2937 890 2992 sinc
902 2936 1025 3006 periculo
1074 2939 1231 3066 Boutitleum
1247 2940 1363 2997 dubitari
1379 2942 1493 3014 amplius
1507 2959 1561 2999 nou
1572 2958 1664 3013 posse.
1682 2943 1754 3000 liilra
1768 2944 1795 2999 iu
1809 2958 1863 3013 seq.

230 3005 572 3062 animetueetmee.ilta
591 3006 740 3076 Gregorius
757 3011 849 3074 aperte
870 3007 1025 3062 invasiones
1099 3010 1146 3066 iss.
1162 3010 1290 3076 lnlbse
1329 3012 1457 3084 .)dehac
1472 3013 1619 3087 reiterupn.

231 3075 352 3131 declarat
367 3085 422 3132 tani
435 3091 496 3146 quar
509 3075 536 3130 ιιι
547 3075 650 3131 ditione
668 3074 807 3145 pontificia
827 3074 906 3132 factm
924 3085 1062 3171 crant‚c
1113 3077 1192 3162 152
1207 3078 1280 3135 xiil.
1323 3098 1358 3138 on
1374 3097 1452 3138 secus
1474 3084 1612 3149 sensisset,
1641 3093 1672 3139 ut
1686 3084 1811 3150 arbitmr,
1833 3083 1864 3136 de

231 3159 312 3216 quani
331 3162 391 3218 quze
404 3147 431 3202 in
451 3145 608 3215 Campania,
621 3152 724 3215 utpote
758 3144 904 3200 ertinentes
918 3147 951 3201 ad
973 3145 1025 3202 Ca·
1077 3157 1188 3220 antiquo
1197 3150 1260 3222 jure
1278 3151 1299 3206 si
1312 3151 1420 3222 penitus
1438 3152 1502 3208 illud
1511 3154 1695 3224 expendisset.
1706 3153 1741 3208 ht
1754 3152 1866 3210 breuiter

230 3229 350 3286 pitanuiii
362 3215 522 3288 principem,
537 3231 619 3287 aquo
639 3215 709 3270 idem
739 3214 875 3297 gregorius
889 3215 1025 3273 blettutis
1075 3219 1214 3276 uideamus
1239 3230 1390 3278 uaerestaut
1401 3221 1749 3295 tleOttoiiianodiplomate.
1762 3223 1865 3294 &ptem

230 3296 431 3344 sacramentum
444 3294 594 3355 acceperat.
609 3285 691 3342 Pacta
702 3298 774 3340 enirn
786 3296 945 3340 contentae
959 3303 1025 3368 poti-
1076 3289 1200 3347 ciuitates
1211 3235 1342 3362 elargitur
1353 3308 1400 3363 pro
1417 3294 1513 3348 unione
1528 3304 1625 3348 ttoslroe
1640 3293 1756 3348 remedio
1772 3293 1863 3348 nostri·

1295 1963 1373 2019 icilioe
1388 1979 1501 2034 regnum
1525 1979 1573 2035 per
1598 1965 1726 2022 uexillum
1750 1967 1862 2033 donarit,

1367 2523 1470 2582 delitati
1482 2522 1549 2580 colla
1569 2526 1743 2586 submittunt.
1762 2545 1771 2579 ι
1792 2525 1863 2580 Hunc

232 3354 352 3413 tillcibtts
371 3372 433 3413 cum
448 3355 569 3413 Roberto
583 3364 661 3412 erant
683 3355 715 3409 de
730 3354 837 3425 Apulia,
858 3354 983 3411 Calabria
996 3365 1025 3412 ct
1092 3376 1124 3413 tte
1156 3360 1185 3415 ιιι
1196 3370 1221 3415 ct
1230 3370 1379 3416 nostrorum
1406 3363 1864 3434 urontomdepropn‘onostroreqns.

230 3425 335 3493 Sicilia,
349 3427 494 3510 dummodo
508 3425 571 3482 hinc
586 3423 1024 3550 SaracenoseHccmt.DeCapu:e
1074 3375 1130 3499 sspo
1141 3439 1250 3486 clauum
1263 3430 1362 3503 quippe
1394 3442 1501 3505 ticulum
1514 3433 1548 3488 ad
1561 3447 1720 3501 supremum
1731 3431 1775 3501 jus
1787 3433 1866 3501 impe

229 3504 320 3553 autem
334 3498 489 3581 principatu
504 3501 743 3553 coiiueneratcum
782 3496 914 3561 ichardo,
942 3512 1023 3567 quem
1074 3508 1194 3554 natorum
1241 3501 1387 3564 itineres
1424 3502 1596 3558 stolicaelicet
1610 3501 1687 3557 sedis
1700 3511 1771 3558 esset
1785 3500 1866 3556 domi·

229 3565 422 3637 Neapolitanos
436 3568 519 3623 duces
533 3566 591 3638 pari
615 3565 695 3647 niodo
716 3565 853 3648 expellere
869 3569 1021 3635 oportebat.
1074 3569 1148 3624 nium
1161 3516 1239 3626 ιιιιιιλι(ἑ
1254 3572 1287 3625 ali
1305 3587 1364 3627 aero
1399 3572 1465 3627 uroli
1480 3572 1568 3642 hiagni
1587 3573 1680 3643 regis,
1705 3571 1865 3627 eruditorum

230 3635 384 3694 chronicon
402 3636 524 3694 Carense
545 3650 707 3710 genuinum,
731 3650 814 3691 variis
836 3634 899 3691 licet
919 3635 1024 3695 lacunis
1074 3638 1144 3695 saliit
1161 3640 1272 3696 omnino
1288 3641 1433 3696 neminem.
1459 3640 1549 3709 Quare
1561 3649 1653 3697 anterii
1665 3639 1821 3712 pauloinlra
1833 3653 1865 3694 ex

229 3715 348 3772 scatens,
359 3709 490 3764 editunia
505 3707 539 3762 cl.
565 3706 678 3762 Pratillo
692 3703 776 3778 (hist.
794 3703 887 3760 Princ.
904 3704 1021 3779 Lougoi.
1073 3707 1256 3765 Ludoriciano
1272 3710 1426 3766 reserantur
1440 3714 1474 3766 ad
1484 3707 1595 3767 uerbum
1602 3726 1775 3783 quecunque
1791 3726 1802 3764 s
1839 3726 1866 3762 n·

229 3787 297 3832 tom.
315 3778 360 3844 ll,
372 3793 434 3850 pag.
448 3777 501 3834 386
513 3776 656 3903 seqq.Lde
669 3784 783 3858 utraque
796 3789 827 3831 re
841 3791 894 3831 noti
907 3778 1024 3834 obscure
1074 3787 1153 3836 trinea
1168 3780 1313 3836 donatione
1325 3779 1438 3836 Carolus
1449 3781 1482 3836 dc
1496 3795 1579 3836 censu
1596 3789 1625 3836 et
1650 3782 1781 3852 pensione
1799 3724 1865 3834 iffius

229 3849 295 3918 ugit.
311 3867 320 3899 i
334 3848 386 3903 An.
400 3848 478 3904 1050.
493 3848 593 3904 illisu
620 3848 794 3918 oapostoltco
797 3885 851 3900 .....
859 3845 1023 3905 wischardo
1074 3848 1187 3906 ducatus
1201 3849 1349 3916 constituit,
1370 3865 1494 3921 suprema
1514 3851 1764 3907 dominationesibi
1785 3863 1866 3903 rescr-

228 3927 360 4001 nccupata
384 3920 411 3974 iii
429 3926 484 3975 tota
500 3918 644 3982 Calabria,
664 3926 692 3972 et
708 3916 822 3987 hpulea,
838 3925 866 3972 et
887 3918 970 3974 etiam
992 3917 1022 3973 iu
1073 3927 1133 3974 vata
1149 3928 1204 3974 tam
1217 3920 1243 3974 in
1256 3935 1299 3986 eo,
1315 3935 1395 3989 quam
1412 3920 1439 3975 iit
1455 3920 1559 3976 Tusciae
1574 3921 1687 3986 ditcatu,
1707 3919 1814 3976 difficile
1824 3933 1865 3972 as-

228 3988 333 4055 Sicilia,
350 3998 483 4060 quatenus
498 4005 513 4044 a
530 3988 676 4045 Sataoenis
687 3986 816 4043 liberaret
819 4026 874 4041 .....
888 3987 1023 4044 lliccardo
1073 3990 1221 4059 sequimur,
1242 3990 1295 4045 nisi
1305 3990 1477 4045 donationem
1491 3990 1570 4045 istam
1589 3989 1700 4047 Ottouis
1711 3989 1865 4046 liberalitate

227 4057 359 4116 honorem
373 4059 542 4130 principatus
562 4058 670 4129 Capue,
688 4057 711 4113 si
726 4058 882 4126 expulsaret
904 4057 1023 4114 Landul-
1073 4055 1172 4115 laetam
1186 4060 1220 4115 ab
1237 4058 1296 4127 ejus
1314 4059 1477 4116 cancellario
1489 4060 1621 4115 insertam
1637 4068 1765 4131 putemus
1782 4057 1864 4129 diplo-

228 4129 297 4185 lum.
316 4128 463 4201 Propterea
475 4128 626 4185 Noritmani
638 4128 786 4183 consociati
803 4134 866 4182 suut
883 4143 945 4183 cuni
956 4143 1022 4198 apo-
1072 4130 1147 4192 mati,
1159 4130 1232 4198 quod
1243 4129 1379 4185 scriniarii
1389 4129 1422 4185 de
1433 4144 1508 4185 more
1520 4131 1701 4202 digesserunt,
1712 4130 1784 4186 illius
1794 4143 1865 4200 pror·

227 4198 339 4267 stolico,
366 4208 394 4255 ct
415 4201 508 4256 hostes
533 4199 653 4254 Ecclesie
677 4198 870 4269 supmiseruut.
897 4217 907 4250 ι
930 4197 964 4252 Et
987 4200 1022 4255 ad
1072 4214 1119 4254 sus
1142 4199 1230 4255 inscii.
1268 4199 1349 4256 Certe
1364 4207 1465 4271 septem
1481 4200 1542 4257 illas
1558 4200 1686 4257 ciuitates
1708 4200 1771 4256 Otto
1786 4200 1821 4254 ita
1838 4211 1865 4252 ss

227 4286 328 4326 annum
355 4270 427 4327 tuln
446 4271 560 4340 loquens
580 4269 614 4323 de
637 4266 749 4323 liuberti
770 4267 959 4339 progressibus
992 4267 1021 4323 iii
1072 4268 1174 4328 donare
1195 4268 1338 4340 prolitetur
1359 4285 1407 4341 pro
1423 4270 1519 4325 anime
1531 4271 1658 4336 remedio,
1687 4269 1863 4342 quoditerum

228 4339 321 4397 Sicilia
344 4358 351 4395 ε
378 4341 572 4404 «viscardus,
595 4336 653 4402 sit,
669 4345 741 4408 post
762 4347 870 4408 captam
892 4336 1020 4393 Pauurml
1071 4347 1159 4410 urget,
1181 4348 1212 4393 ut
1226 4339 1636 4422 llomanipontilicesperpetuo
1649 4340 1863 4403 illasdetincaut,

228 4412 324 4466 urbem
338 4450 346 4476 ,
360 4411 435 4467 dedit
453 4410 569 4479 lingerio
583 4406 676 4463 comiti
696 4414 781 4463 totuin
803 4407 943 4472 Siciliam,
960 4415 1021 4463 tan·
1071 4409 1101 4464 in
1110 4426 1159 4464 sato
1165 4410 1238 4480 iure,
1261 4410 1410 4481 principatu
1425 4419 1502 4480 atquo
1515 4409 1626 4464 ditione.
1655 4411 1686 4467 ld
1700 4425 1765 4466 uero
1777 4417 1864 4479 aperte

227 4482 367 4536 turninotio
397 4494 540 4537 reservans
563 4478 614 4535 sibi
657 4477 770 4533 relatam
798 4477 935 4534 civitatem
958 4493 1021 4534 cuni
1035 4475 1174 4551 Dpugnat
1202 4496 1264 4535 cum
1290 4478 1409 4548 subiecta
1433 4478 1478 4533 illa
1500 4479 1671 4536 conditione:
1696 4480 1770 4536 tolon
1790 4496 1820 4534 ιιι
1837 4492 1864 4531 er

228 4557 321 4605 castro
331 4564 391 4614 suo,
401 4558 429 4606 et
441 4549 601 4606 Messapum.
616 4569 626 4602 ι
638 4493 775 4629 ξυιιιιιιιιιι
789 4546 929 4612 alteruter,
943 4557 1020 4605 extra
1071 4549 1174 4605 eosdem
1188 4550 1300 4605 duculos
1313 4558 1403 4604 nostro
1426 4549 1586 4606 inormibus
1604 4550 1795 4605 dominatione.
1820 4495 1862 4603 fd·

227 4635 371 4676 concessas
383 4622 434 4676 sibi
451 4631 547 4686 terias,
561 4618 759 4687 acquisivisset,
769 4618 873 4674 invasio
885 4625 955 4674 crat.
967 4618 1022 4675 Nec
1072 4619 1146 4677 circo
1160 4635 1214 4675 uon
1233 4619 1323 4678 minus
1334 4618 1438 4675 inertiae
1460 4619 1691 4690 deprehendimus
1713 4617 1801 4675 lorreo
1821 4617 1863 4672 illo

227 4689 281 4745 alio
304 4690 412 4746 nomine
425 4689 573 4762 Gregorius
586 4688 698 4746 liuberti
715 4689 907 4760 acquisitiones
931 4688 1022 4758 appel·
1072 4690 1209 4747 smculoiii
1228 4690 1379 4745 scriniariis
1393 4698 1494 4744 sanctae
1515 4689 1596 4755 sedis,
1623 4705 1709 4761 quam
1723 4686 1863 4745 inOttonis

227 4759 275 4814 lat.
294 4760 323 4816 lii
342 4761 437 4818 eodem
455 4760 583 4816 chmnico
593 4759 764 4815 adducuntur
775 4774 864 4815 causae
874 4759 1022 4816 inrasmnis
1072 4761 1241 4817 cancellaria.
1264 4759 1421 4828 Huiusmodi
1431 4768 1521 4815 autem
1531 4759 1711 4830 repugnantia
1722 4775 1783 4815 cum
1796 4758 1861 4820 aliis,

226 4829 293 4887 Cant
331 4831 393 4897 uie,
413 4847 485 4888 anno
504 4828 584 4885 1015.
607 4853 617 4881 ι
635 4830 801 4886 Vischardus
813 4829 863 4884 sub
875 4837 1019 4900 pretextu,
1071 4844 1131 4900 quie
1146 4830 1362 4900 supravidimus,
1380 4831 1468 4900 magis
1481 4830 1621 4900 magisque
1628 4830 1805 4899 comprobant
1814 4828 1853 4882 sin

227 4916 255 4969 qt
317 4900 448 4959 Cesullus
469 4909 601 4973 coguatus
614 4915 681 4957 suus
694 4900 803 4956 lecisset
818 4898 894 4953 illum
908 4900 1022 4955 anathe·
1071 4900 1212 4955 ceritatem
1236 4899 1400 4971 diplomatis,
1418 4898 1495 4968 cuius
1519 4899 1572 4954 nisi
1594 4907 1720 4956 exstaret
1741 4908 1861 4969 autom·

228 4970 466 5044 matizareapapa
482 4969 657 5041 Gregorium,
677 4972 783 5041 opscdit
799 4968 943 5026 Salernum
960 4977 1022 5041 post
1071 4970 1163 5041 phum‚
1185 4969 1267 5026 tactio
1289 4970 1297 5024 ι
1317 4985 1359 5025 sa.
1371 4970 1488 5025 indolem
1512 4972 1716 5038 comprobaret.
1753 4967 1786 5022 Et
1802 4979 1862 5021 uero

227 5041 271 5097 tlt.
285 5042 396 5113 Aprilis,
405 5052 434 5101 et
451 5051 552 5114 postse
599 5056 745 5098 mmeuses
755 5040 890 5099 summisit
900 5055 960 5095 cam
963 5079 1019 5095 .....
1071 5040 1205 5097 scriniarii
1227 5056 1261 5097 ex
1274 4986 1345 5095 ligio
1373 5039 1520 5110 pontificali
1542 5039 1713 5096 transierunt
1730 5034 1861 5117 spoletani

227 5113 393 5170 lischardus
414 5119 476 5185 post
489 5111 546 5238 ἐξ
588 5120 695 5183 captam
714 5112 867 5177 Salernum,
880 5110 1022 5181 apprendit
1071 5109 1367 5167 ducatusdonationcm
1380 5111 1523 5180 integram,
1536 5125 1596 5180 quac
1605 5119 1683 5166 certa
1696 5115 1861 5172 est,tametsi

226 5184 310 5239 stiam
322 5182 475 5241 hlaibam.»
509 5184 641 5254 yuclironi
659 5182 740 5254 liujus
753 5181 1022 5252 scriptorisauctori·
1071 5180 1226 5238 conditione
1236 5187 1313 5236 vacet
1326 5181 1445 5250 supremi
1456 5180 1611 5236 dominatus
1624 5181 1698 5251 apud
1711 5178 1860 5247 largitorem

228 5255 278 5310 tati
304 5255 328 5311 si
350 5253 462 5324 adjicias
481 5252 635 5324 juramenta
657 5251 796 5309 tldelitatis
814 5266 899 5333 nuper
917 5252 1019 5318 allata,
1071 5249 1198 5308 Carolnm
1216 5252 1398 5315 remanentis;
1418 5248 1515 5306 deinde
1533 5249 1759 5305 inludovicnno
1781 5245 1862 5317 diplo-

228 5325 376 5394 pontiliciae
399 5324 594 5381 dominationis
617 5323 645 5380 in
665 5332 780 5407 utraque
803 5321 896 5377 Sicilia
917 5331 1020 5377 certam
1070 5329 1143 5376 mate
1158 5320 1320 5392 ipsissimam
1348 5320 1421 5375 illam
1438 5321 1610 5376 donationem
1625 5320 1689 5376 aliis
1711 5331 1860 5387 expressam

228 5396 358 5465 epochem
372 5403 467 5460 tenes,
485 5394 619 5466 amnique
633 5393 779 5466 intelligis,
792 5392 875 5449 trium
888 5391 1021 5462 iliigusto-
1071 5390 1533 5461 uerbis,compraedictaooiiditione
1542 5389 1720 5452 offendentes,
1733 5388 1858 5456 aliampu

229 5480 289 5520 runi
309 5466 457 5538 diplomata
472 5466 510 5521 nil
524 5464 597 5521 aliud
613 5479 693 5528 usse,
710 5481 792 5534 quam
809 5462 942 5533 preclara
963 5478 1021 5517 tito-
1072 5470 1153 5518 tanta
1164 5463 1249 5532 priori
1262 5461 1307 5516 illa
1321 5459 1383 5516 libri
1394 5459 1574 5526 Pontificalis;
1588 5475 1678 5530 quare
1689 5475 1749 5515 mm
1760 5469 1860 5528 quoque

219 5543 359 5591 ntimcnta
369 5536 473 5606 antiqui
479 5535 560 5604 juris,
571 5535 643 5604 quod
653 5535 704 5605 ipsi
718 5536 859 5605 pontitloes
871 5533 959 5588 aliena
969 5547 1021 5602 ope
1072 5540 1214 5588 recensent
1222 5532 1256 5588 ab
1268 5530 1367 5587 Ottonc
1379 5529 1590 5586 coiitirmantlam
1602 5546 1611 5594 ς
1632 5530 1751 5600 denique
1762 5525 1858 5608 cancel

230 5604 340 5659 sibimet
350 5606 459 5676 suisque
474 5605 677 5661 successoribus
686 5606 866 5661 vindicarunt.
1072 5602 1156 5659 larius
1169 5601 1277 5659 Ottonis
1288 5611 1464 5672 spontaneam
1473 5598 1573 5656 domini
1584 5600 1627 5655 sui
1639 5600 1810 5656 donatiouem
1822 5610 1856 5651 tu·

266 5673 326 5729 XX.
346 5674 384 5731 be
397 5676 506 5730 cti-itate
519 5682 622 5731 ιιιιιιιιιι
633 5674 808 5745 Neapolitana
823 5673 1021 5730 cumoinnilius
1072 5674 1149 5738 serit,
1167 5672 1274 5743 duabus
1296 5672 1356 5727 aliis
1368 5670 1485 5736 intactis,
1511 5684 1667 5741 quanquam
1686 5671 1762 5741 prior
1776 5667 1858 5722 illaer

231 5742 555 5815 sileatitpcitiiieutibus,
577 5745 674 5814 deque
691 5743 836 5801 Ottoniset
852 5743 960 5800 llciirici
977 5746 1019 5800 di·
1072 5744 1141 5801 libm
1170 5741 1317 5811 pontilicall
1336 5740 1477 5809 desumpta
1500 5739 1651 5809 alijicicitda
1674 5748 1757 5807 esset,
1781 5738 1858 5792 alters
