4050 6192
302 345 359 407 an
413 377 416 382 ·
749 354 780 410 o.
800 354 925 414 canon
945 352 1054 410 usum
1073 349 1149 410 oar.
1169 351 1261 410 rans
1279 354 1300 410 t.
1321 311 1442 411 securo
1462 307 1501 409 tn.
1863 357 1911 424 sta

304 462 405 517 tientes
431 460 525 544 melem
549 460 679 546 ativersns
699 472 822 546 sanctam
843 463 935 546 sedem
958 461 1098 546 tractanda
1111 470 1137 529 Α
1150 462 1199 544 lli,
1212 462 1240 517 io
1253 462 1368 546 concilio
1381 462 1557 545 baterancnsi
1571 462 1692 546 anulis,
1705 463 1736 547 de
1746 481 1796 593 ugido
1805 473 1866 531 aaut
1876 487 1913 535 eg

304 547 374 595 me,
464 548 492 586 m
513 531 664 601 reprobans
680 531 967 604 Constantinopolrlaol
987 547 1100 588 canom-
1150 534 1250 588 drotum
1262 549 1290 588 ur
1302 534 1496 605 superioribus.
1513 532 1601 600 Quare
1618 549 1651 589 ns
1665 535 1737 591 dctis
1789 540 1914 602 rimustt.

304 603 365 667 hus,
403 609 585 657 recesserunt:
630 617 694 657 trare
718 599 772 658 Leo
796 603 922 675 Magnus,
948 618 1009 672 quae
1036 608 1098 658 acta
1148 603 1447 660 herensusestctine
1467 602 1546 657 istola
1562 603 1618 675 (59,
1636 604 1672 659 al.
1689 606 1723 661 tlt
1753 608 1784 663 ad
1804 610 1914 672 Camino

303 681 383 727 crant
392 680 457 727 ante
468 673 601 728 actionem
610 617 648 727 Ίὸ
661 673 788 743 probans,
802 673 895 742 reiecit
908 683 1016 727 cetera.
1031 672 1097 728 Cum
1133 671 1135 675 ’
1149 671 1282 743 Magnum,
1294 682 1323 728 et
1332 618 1465 730 inaiiaaX
1466 671 1672 728 Constantinum
1679 683 1707 730 et
1715 605 1810 735 Rreo'em
1818 679 1913 806 iiim*

304 740 532 811 reroaCregorii
547 743 580 798 lli
604 742 874 812 tenrporeCrcsconii
894 742 1017 798 collectio
1037 743 1097 798 usui
1148 740 1249 797 Concii.
1271 751 1337 798 torn.
1352 743 1407 806 tlt,
1426 759 1454 814 p.
1471 742 1534 814 loe)
1562 751 1593 798 ut
1616 759 1677 799 mor
1696 748 1799 815 patebit
1845 754 1913 810 erim

302 827 364 868 esse
375 813 497 883 caeperit,
515 827 602 882 eaque
614 812 759 868 Zacharias
771 822 799 868 et
812 812 964 884 Stephanus
978 813 1000 867 ll
1014 811 1098 868 Fran·
1147 826 1181 865 ex
1195 814 1341 883 suppositis
1354 813 1430 868 hisce
1443 811 1529 877 betis,
1544 815 1711 884 suppositum
1731 816 1799 874 aliud
1817 835 1915 892 opuscu

301 898 397 938 cerunt
420 882 486 938 disci
506 882 587 937 linum
660 883 811 938 sumdatam
843 883 986 939 restituere
1006 882 1097 938 conati
1147 880 1349 963 iumproiiuxit,
1364 897 1460 963 nempe
1469 881 1652 938 Constitutum
1666 883 1781 941 Siircstri
1797 890 1822 944 lo
1838 893 1914 962 capita

302 954 367 1017 sint,
380 899 577 1034 acStepRanus
619 953 843 1024 lquinquaginta
857 952 1039 1024 apostolomm
1051 967 1097 1008 ca-
1146 952 1182 1006 20
1193 952 1376 1016 distributum,
1389 967 1466 1022 cupos
1475 960 1633 1022 excerptum
1644 953 1671 1008 in
1682 953 1755 1010 libris
1763 955 1915 1017 Paenitentia

302 1038 387 1078 nones
404 1022 590 1093 suscipiendos
603 1038 664 1078 esse
676 1023 836 1088 decreuerit,
858 1022 960 1078 iactum
972 1023 1036 1078 inde
1054 1031 1097 1077 est
1148 1020 1218 1078 lthus
1232 1021 1366 1078 Theodori
1378 1019 1581 1080 cantuariensis
1592 1030 1619 1077 et
1637 1023 1741 1080 llclertt
1758 1026 1916 1087 Etnraceosts

301 1104 331 1148 nt
342 1092 486 1156 Adrianus,
506 1092 661 1162 apostoliam
672 1093 745 1148 sedis
758 1091 899 1163 antiquum
913 1108 1018 1149 rnorem
1042 1108 1096 1147 non
1147 1092 1266 1146 omnium
1280 1093 1404 1148 manibus
1415 1092 1584 1158 versabatur,
1597 1095 1791 1167 quibusutiquc
1800 1101 1916 1170 pontes

300 1163 529 1232 praetermittens,
554 1163 783 1234 predecessorum
802 1163 923 1233 uestigiis
947 1163 1094 1218 insisteret.
1148 1161 1345 1218 tiaiihuslihrls
1357 1178 1423 1218 usus
1441 1171 1500 1218 erat
1520 1160 1666 1234 Gregorius
1686 1164 1715 1218 lll
1733 1171 1758 1220 ln
1775 1182 1822 1223 suo
1839 1169 1915 1225 lihcilo

300 1233 575 1288 Animadvertendnm
590 1239 680 1288 taurea
690 1235 763 1303 quod
776 1241 823 1288 aut
834 1234 901 1303 ipse,
922 1243 969 1288 aut
983 1248 1017 1286 ex
1029 1248 1096 1303 pue
1147 1230 1179 1286 de
1188 1230 1311 1288 iudiciis.
1323 1232 1382 1287 blla
1397 1240 1528 1303 practerea
1546 1235 1694 1303 suppositio
1711 1235 1815 1293 incertae
1831 1241 1916 1304 math,

298 1303 488 1360 decessoribus
509 1303 608 1371 aliquis
626 1319 748 1359 canones
770 1303 897 1358 Chaiccd.
911 1303 1026 1358 otacilio
1048 1303 1096 1358 ad-
1145 1315 1227 1371 quam
1240 1303 1415 1359 nihilominus
1429 1302 1656 1359 Nat.hlexander
1669 1314 1696 1360 et
1709 1305 1828 1363 meliores
1841 1310 1914 1364 critici

299 1371 402 1429 dandos
413 1373 547 1437 soluerit;
568 1387 629 1429 cum
644 1388 691 1428 sex
704 1372 838 1444 genermia
860 1373 984 1438 corteiiia,
1001 1371 1095 1427 simul·
1145 1371 1247 1426 isidoro
1265 1373 1406 1429 llercatori
1419 1374 1548 1436 tribuunt,
1564 1388 1614 1430 nec
1624 1373 1717 1430 Romae
1728 1378 1853 1446 cognitam
1863 1391 1917 1434 ante

299 1459 352 1514 que
367 1443 556 1513 compendium
576 1441 732 1497 Graecorum
752 1458 884 1497 moenum
908 1443 982 1498 dedit
997 1442 1094 1497 Carolo
1146 1441 1285 1498 dimidium
1306 1443 1395 1511 seculi
1413 1443 1477 1497 noui
1495 1445 1669 1506 contendunt,
1692 1459 1726 1499 ex
1744 1444 1816 1502 lictis
1836 1448 1916 1503 iisdem

298 1516 333 1570 ad
347 1513 549 1569 instaurandam
570 1512 694 1568 Francius
714 1513 889 1568 ecclesiarum
913 1512 1092 1582 disciplinam,
1144 1510 1242 1566 educta
1255 1522 1307 1577 est,
1318 1513 1427 1570 donatio
1437 1512 1617 1570 ridelicctscu
1628 1515 1745 1570 edictum
1757 1514 1915 1582 ΰοιιειιιιιὶιιῑ,

298 1583 435 1655 generalia
453 1583 577 1637 eslrihuit
589 1582 692 1653 integra
703 1598 765 1638 cnm
787 1583 843 1637 suls
860 1583 1029 1637 canonibus:
1053 1579 1094 1636 id·
1144 1582 1216 1649 quod
1230 1583 1377 1653 genuinum
1395 1580 1446 1638 luit
1460 1583 1581 1637 habiturn
1601 1598 1616 1638 a
1637 1595 1731 1639 sancto
1748 1585 1833 1642 Leone
1846 1587 1877 1643 tlt
1892 1597 1916 1643 ct

298 1655 375 1710 eireo
393 1667 443 1708 aec
467 1652 579 1718 Nicaeni,
603 1667 653 1708 nee
667 1651 977 1721 Constantinopolitano,
1005 1666 1093 1721 neque
1144 1651 1246 1720 aliquot
1260 1653 1463 1708 successoribus
1471 1667 1521 1723 per
1532 1652 1703 1709 undecimum
1719 1654 1797 1726 305
1807 1656 1917 1713 Ecclesia

298 1723 525 1781 Chalcedonensis
541 1722 706 1794 generalium
721 1723 898 1778 conciliorum
917 1737 1003 1777 canon
1021 1722 1093 1777 ullus
1144 1722 1282 1776 sacculum.
1296 1722 1417 1792 Cumque
1433 1723 1491 1778 hacc
1512 1723 1596 1777 duno
1615 1724 1918 1784 uscuiacscodemientc

297 1795 327 1851 in
342 1810 376 1849 eo
398 1793 558 1865 compendio
579 1792 682 1848 existit.
708 1791 828 1847 Tametsi
846 1799 874 1847 et
887 1792 914 1845 in
929 1792 1091 1861 Dionysiana
1109 1789 1579 1864 gdimanarint,necessariocadem
1603 1794 1919 1863 ebaprlsmothnsunttrl

296 1865 363 1921 etin
375 1863 556 1919 Cresconiana
574 1862 742 1925 collectione,
763 1869 791 1918 el
813 1862 840 1916 in
852 1876 955 1917 monne
968 1876 1017 1917 seu
1038 1862 1093 1917 col-
1144 1870 1172 1915 ct
1186 1862 1289 1931 reliqua
1299 1863 1507 1931 expresserunt,
1530 1861 1598 1917 liinc
1614 1862 1717 1919 iactum
1733 1864 1851 1936 estquod
1862 1867 1920 1921 scri·

296 1933 413 1990 lectione
428 1932 583 2003 apostolicae
596 1931 678 1994 sedis,
694 1947 755 2001 quae
767 1947 838 1987 nono
858 1932 957 1988 seculo
968 1932 1091 1996 emersit,
1142 1940 1234 2000 ptores
1251 1932 1341 1987 minus
1357 1933 1441 1999 cauti,
1455 1932 1570 1988 sortasse
1585 1936 1669 1987 etiarn
1691 1933 1750 2003 pius
1768 1935 1794 1989 iu
1812 1945 1919 1992 maclam

293 2002 462 2075 generalium
484 2014 593 2072 quoquc
603 2001 779 2057 conciliorum
796 2015 914 2057 canones
932 2015 1093 2058 recctrseao·
1143 2000 1234 2056 sedem
1258 2001 1385 2069 animosi,
1411 2016 1480 2073 quos
1504 2003 1575 2058 iuter
1593 2001 1735 2060 annalista
1751 2004 1855 2061 italicus
1870 2004 1919 2076 ian.

297 2083 352 2129 tur.
1143 2069 1206 2141 tle)
1226 2071 1400 2128 conclamate
1418 2072 1497 2143 hujus
1509 2071 1662 2128 donationis
1674 2075 1825 2131 metnioisse
1837 2074 1921 2131 Adria·

331 2140 402 2197 xlx.
423 2140 572 2196 Duasrero
583 2154 681 2195 causas
691 2138 995 2197 tantaverietatisesse
1012 2155 1093 2199 nemo
1142 2155 1207 2194 num
1217 2149 1313 2210 putant
1323 2144 1351 2197 in
1364 2141 1471 2199 laudata
1479 2141 1593 2213 epistola
1601 2144 1636 2198 ad
1645 2143 1920 2216 Carnlmu,aulequam

296 2229 349 2269 nnn
372 2210 456 2265 ridet.
480 2209 600 2264 Primam
622 2210 685 2279 quia
703 2210 823 2264 nondum
842 2209 896 2264 ulia
913 2222 972 2266 erat
991 2221 1093 2269 saneta
1140 2210 1252 2266 donatio
1267 2211 1318 2267 ista
1336 2221 1497 2283 emergeret.

294 2281 353 2336 sedi
367 2278 491 2336 collectio
573 2279 622 2340 ria,
639 2279 751 2334 aiteram
764 2279 827 2347 quia
842 2294 876 2333 ex
895 2295 973 2336 sacra
993 2283 1092 2338 hibiio·
1177 2279 1249 2335 xxi.
1266 2280 1301 2336 dr
1315 2282 1453 2338 enimuero
1469 2285 1491 2339 si
1505 2284 1646 2340 ¹ildrianus
1662 2284 1779 2340 habehat
1796 2284 1827 2340 ad
1841 2281 1923 2339 oculos

295 2352 387 2414 theca,
398 2362 460 2417 quae
474 2349 550 2404 errici
563 2349 588 2402 ia
605 2356 634 2402 et
669 2349 769 2403 citatas
786 2349 957 2406 collectiones
971 2353 1093 2409 contine-
1142 2348 1316 2407 donationem
1327 2351 1400 2408 iliam
1411 2353 1616 2424 ineptissimam,
1630 2366 1707 2412 certe
1717 2354 1809 2425 putida
1821 2355 1875 2409 bac
1887 2351 1921 2409 ic·

294 2421 351 2484 irat,
364 2418 486 2487 adeoque
495 2432 601 2488 magnae
610 2363 777 2473 coiicctionis
786 2418 872 2473 instar
881 2429 950 2487 erut,
962 2422 1092 2492 quidquid
1141 2421 1229 2489 gerit:
1244 2422 1335 2478 «Ecce
1354 2430 1409 2477 mm
1427 2424 1558 2494 palatium
1579 2435 1716 2490 nostrum,
1733 2433 1764 2480 ut
1779 2425 1923 2495 praedictam

294 2504 345 2559 pro
369 2501 400 2542 re
416 2496 479 2542 nata
499 2501 569 2556 opus
588 2497 661 2542 esset
680 2488 789 2543 decerni
813 2493 981 2558 suppetebat.
1005 2491 1091 2559 Quam
1141 2497 1193 2552 est,
1207 2503 1342 2563 quamqm
1353 2493 1448 2548 urbem
1465 2493 1589 2559 Romam,
1605 2504 1632 2550 et
1645 2509 1742 2550 omncs
1756 2496 1836 2550 totius
1851 2492 1923 2547 ltalia

295 2575 353 2615 rein
370 2557 562 2630 (nequidquam
578 2572 608 2612 se
622 2565 749 2628 torquent
767 2559 886 2629 antiquae
902 2560 1016 2630 aiicujus
1037 2563 1092 2618 coi·
1140 2566 1168 2615 et
1181 2559 1393 2617 occidentalium
1419 2564 1559 2635 regionum
1587 2563 1753 2634 provincias,
1773 2574 1801 2621 et
1814 2563 1925 2620 crines

293 2627 417 2686 lectionis
435 2629 563 2684 Romanae
574 2628 732 2701 assertores)
745 2628 887 2698 perspicue
896 2634 993 2700 probat
1005 2632 1091 2688 altera
1139 2630 1252 2699 praciam
1262 2632 1418 2688 beatissimo
1430 2634 1551 2703 pontiltci
1562 2647 1657 2691 nostro
1671 2633 1802 2690 Silrcstro
1814 2631 1924 2690 mnctdi

293 2715 328 2755 ex
340 2699 382 2755 his
396 2698 501 2754 drtabus
519 2698 619 2754 causis.
641 2698 675 2753 Et
697 2714 762 2754 rero
786 2700 808 2754 si
831 2709 932 2755 sanctae
954 2702 1010 2757 sedi
1030 2710 1091 2757 erat
1140 2715 1231 2755 mus.»
1248 2700 1338 2768 Quare
1355 2704 1447 2773 igitur,
1469 2712 1530 2774 post
1551 2704 1651 2760 iactam
1672 2704 1763 2760 Caroli
1783 2719 1841 2759 runa
1860 2702 1924 2757 Con·

293 2768 418 2826 mlicctio
438 2769 559 2840 propria,
583 2769 677 2838 quidni
701 2784 819 2824 canones
842 2777 898 2824 tnm
923 2771 1091 2841 generalium
1139 2772 1259 2826 sentino
1270 2773 1511 2842 comparationem,
1521 2790 1607 2846 pauca
1618 2775 1674 2831 isa
1691 2773 1844 2846 subjungit?
1860 2770 1927 2826 tScd

292 2852 352 2896 tum
374 2840 499 2894 localium
516 2839 691 2894 conciliorum
709 2838 789 2894 simui
806 2840 933 2895 collectos
949 2842 1091 2899 exhiheret
1139 2848 1167 2895 et
1179 2850 1275 2896 cuneta
1292 2841 1353 2908 alia,
1370 2859 1431 2912 qnae
1447 2858 1495 2912 per
1510 2846 1631 2901 diversos
1648 2847 1833 2916 imperatores,
1850 2842 1927 2916 putri·

292 2909 425 2982 pontifex,
439 2918 469 2964 ut
481 2908 640 2979 expeditiori
652 2923 733 2978 quam
747 2909 805 2964 lieri
825 2921 919 2977 posset
935 2912 977 2967 ria
996 2912 1091 2968 Ecclc-
1139 2910 1196 2966 cios
1209 2912 1291 2966 etiam
1307 2921 1333 2967 et
1343 2912 1411 2968 alios
1430 2914 1514 2970 licum
1528 2916 1655 2971 timentes
1667 2931 1719 2985 pro
1730 2930 1822 2970 corum
1840 2915 1928 2968 arnimar

293 2983 334 3037 sia
346 2980 391 3034 iila
400 2977 726 3045 irtstanrareturiliuidni
737 2978 862 3033 localium
879 2996 1007 3046 canones,
1021 2997 1089 3052 quos
1138 2982 1262 3036 mercede
1286 2990 1313 3037 et
1332 2983 1409 3039 tenio
1431 2984 1590 3040 delictorum
1611 2987 1638 3039 in
1665 2985 1792 3055 partibus
1804 2982 1930 3045 Theseis,

292 3053 328 3106 ah
340 3050 400 3106 aiiis
410 3050 536 3105 omnihus
547 3049 712 3119 generalium
724 3049 849 3113 secrertt,
863 3049 982 3120 integros
992 3053 1088 3109 saitem
1139 3047 1519 3133 Spoleto,seuBenerento,a
1553 3055 1723 3121 ueCorsica,
1747 3054 1869 3111 simulet
1885 3052 1929 3107 Sa·

293 3122 430 3179 tradctet?
443 3120 512 3187 Quia
529 3132 626 3188 nerrrpc
641 3119 753 3172 horiani
772 3127 893 3189 tempore
907 3121 990 3176 codex
1009 3137 1089 3179 cano
1102 3154 1125 3216 C
1139 3121 1245 3176 brocost
1256 3121 1423 3179 Patrimonio
1435 3063 1612 3181 heatotgctro
1630 3127 1771 3195 apostolo,
1788 3134 1931 3193 sanctaque

293 3209 370 3255 ιιιιιιι,
384 3207 431 3250 seu
445 3191 578 3254 collectio,
593 3204 640 3244 seu
654 3204 742 3244 carron
758 3190 914 3259 apostolice
930 3185 1003 3248 sedis
1020 3210 1088 3249 ιιοιι-
1140 3190 1189 3246 bet
1199 3200 1226 3246 ct
1237 3193 1391 3262 apostolicae
1403 3193 1531 3251 lionranac
1543 3196 1675 3252 Ecclesiae
1686 3212 1817 3252 concessa
1829 3203 1897 3257 sunt,
1906 3201 1931 3246 et

293 3264 356 3318 tinm
370 3268 528 3319 emerserat.
544 3259 647 3314 idcirco
665 3259 783 3328 intcgms
802 3260 885 3315 tradit
904 3276 1023 3319 canones
1043 3281 1089 3336 gc-
1139 3275 1189 3330 per
1198 3261 1341 3318 nelatrdam
1354 3271 1461 3334 gentem
1477 3265 1534 3320 Lon
1553 3267 1721 3322 ohardorum
1740 3282 1789 3337 per
1807 3278 1929 3320 antrorum

291 3333 424 3389 neraiiutu
450 3330 638 3392 conciliorum,
665 3328 708 3384 eui
730 3331 769 3383 rei
790 3329 1088 3403 Constantinopolitano
1140 3331 1227 3402 spatia
1246 3332 1384 3388 abstracta
1400 3345 1482 3461 atssue
1503 3283 1592 3390 abiate
1612 3347 1688 3400 sunt,
1717 3337 1816 3393 restris
1836 3343 1930 3404 euripo

290 3408 342 3458 aru'
355 3403 404 3460 itio
415 3403 482 3458 nihil
497 3409 527 3454 ut
538 3401 603 3455 olint
614 3400 755 3465 ohstahat;
770 3409 799 3453 at
813 3400 947 3465 localium,
971 3419 1088 3474 quorum
1139 3402 1411 3458 rihusrestituantur.
1451 3406 1933 3475 ndcetpiuresdonationesinsacro

291 3473 367 3528 mnlti
378 3482 480 3531 snoctae
489 3471 561 3526 sedis
568 3470 717 3539 disciptinae
734 3471 954 3538 atirersahantur,
968 3474 1087 3540 mutilos,
1139 3481 1233 3527 nostro
1247 3473 1347 3528 scrinio
1360 3473 1535 3532 Lateranensi
1548 3476 1706 3532 reconditas
1718 3478 1879 3533 habemus.»
1893 3471 1932 3527 in-

290 3545 459 3606 emendatos,
481 3543 508 3596 in
526 3540 714 3610 compendium
731 3538 814 3663 3οᾗ
830 3540 963 3608 redactos,
986 3543 1088 3614 aliquot
1139 3541 1172 3595 dc
1186 3541 1291 3598 scilicet
1310 3544 1375 3599 tomi
1392 3544 1431 3598 illi
1449 3544 1571 3612 Catticii,
1590 3547 1637 3617 qui
1659 3547 1792 3618 leguntur
1808 3543 1933 3618 principio

290 3614 372 3669 etiam
409 3611 600 3686 pretermissis
635 3610 754 3665 exbibet.
816 3618 927 3666 rmlcrca
955 3613 1088 3685 principio
1139 3609 1200 3665 iibri
1218 3611 1353 3668 Censnum
1365 3613 1492 3670 Ecclesiae
1515 3616 1593 3671 llom.
1615 3619 1781 3686 prodierunt
1802 3619 1829 3672 in
1853 3616 1932 3669 lucem

292 3684 494 3740 Sardiceusium
511 3688 538 3736 ct
556 3679 746 3736 Africanorum
760 3695 893 3735 cantorium
906 3684 1024 3752 generali
1042 3687 1088 3739 ad·
1138 3681 1236 3738 sarculo
1250 3699 1288 3749 st,
1308 3699 1370 3738 cunr
1391 3684 1529 3741 donationi
1542 3686 1779 3743 Constantinianus
1792 3685 1933 3741 habebatur

290 3755 441 3811 monitione
462 3766 572 3816 omnes,
596 3752 750 3821 quicunque
771 3751 998 3822 conpendiariam
1026 3771 1088 3810 eant
1138 3751 1215 3807 tides.
1236 3754 1271 3807 tlt
1287 3753 1320 3808 de
1340 3754 1391 3809 ista
1413 3754 1440 3809 in
1463 3755 1558 3811 iisdem
1578 3757 1660 3813 tomis
1684 3757 1761 3813 trulla
1782 3755 1891 3814 ournino
1907 3753 1935 3807 iil

291 3825 390 3880 seriem
404 3823 531 3887 sitierint,
543 3823 582 3876 sic
600 3835 650 3891 pro
666 3836 793 3891 sttpremn
809 3824 969 3886 auctoritate
988 3837 1088 3894 praere·
1137 3822 1250 3878 tuentio.
1268 3822 1327 3878 Non
1337 3839 1406 3895 nego
1423 3824 1573 3882 Adrianum
1588 3828 1721 3884 hahuisse
1728 3827 1807 3882 Actis
1819 3822 1934 3881 Sili-estur·

289 3895 350 3950 nit:
366 3895 440 3951 «Sed
454 3895 481 3948 in
495 3893 538 3947 his
551 3893 677 3947 omnibus
697 3891 741 3945 iila
760 3893 837 3962 sequi
854 3893 990 3952 debemus.
1013 3912 1088 3967 qum-
1138 3891 1249 3946 nimiam
1263 3893 1353 3958 fidem,
1368 3895 1413 3949 ubi
1424 3895 1504 3951 aitde
1516 3897 1717 3954 Constantino:
1733 3895 1808 3953 «Per
1835 3895 1841 3906 '
1886 3894 1935 3949 iat·

289 3961 952 4037 cunqneaNicaeaeconcilicetasanctaatquea
990 3966 1087 4021 stolica
1156 3962 1248 4018 itatem
1267 3974 1360 4019 sancta
1380 3964 1427 4019 liei
1447 3967 1579 4023 catholica
1599 3975 1628 4025 et
1646 3969 1803 4038 apostolica
1821 3967 1935 4022 lanam

289 4037 411 4093 Ecclesia
428 4035 548 4089 llonrana
558 4033 776 4102 nondisctepare
786 4032 918 4087 ridemus.
929 4053 940 4086 ι
952 3979 1086 4101 ffiirlnarn
1136 3978 1259 4090 {eclesia
1271 4037 1373 4090 elevata
1388 4043 1469 4107 atque
1485 4038 1603 4092 exaltata
1617 4048 1672 4103 cst,
1691 4046 1721 4094 et
1737 4044 1896 4108 potestatem
1908 4033 1934 4086 ia

289 4107 436 4163 desiderari
454 4111 545 4175 potest
560 4102 693 4156 illustrius
707 4100 741 4155 ad
756 4101 903 4157 eludendos
917 4112 957 4157 tot
968 4107 1087 4161 erudito-
1137 4103 1180 4158 his
1193 4102 1328 4175 Hesperiae
1337 4107 1460 4176 partibus
1470 4107 1563 4176 largiri
1573 4108 1702 4178 dignatus
1718 4116 1773 4164 est.
1792 4127 1803 4161 t
1823 4103 1933 4163 ierhum

289 4193 350 4232 rum
370 4182 495 4239 costatus,
513 4173 560 4242 qui
583 4171 683 4226 veteris
704 4171 820 4240 uterique
839 4169 910 4238 juris
932 4173 1085 4231 stabiliendi
1135 4173 1209 4228 enim
1224 4174 1288 4230 illud
1301 4184 1453 4246 potestatem
1468 4179 1688 4249 exaggerationis
1703 4179 1800 4235 nescio
1818 4175 1883 4247 quid
1898 4189 1937 4228 re·

288 4263 354 4318 ergo
371 4248 405 4302 ad
421 4244 519 4300 tuenda
537 4257 596 4306 sua,
619 4239 847 4311 disputationibus
866 4240 923 4298 iere
946 4244 1086 4302 irrrnteusis
1136 4243 1219 4300 dolet.
1231 4243 1298 4300 iliud
1312 4260 1390 4316 nego,
1425 4248 1477 4303 uod
1490 4248 1627 4303 Adrianus
1640 4243 1933 4305 donationemtideril,

289 4316 402 4373 falsitati
432 4311 658 4386 patrocinantur?
693 4311 742 4365 Est
775 4318 865 4367 tamen
894 4314 1086 4371 documentum
1137 4329 1222 4384 eaque
1232 4313 1318 4370 iccius
1328 4261 1517 4388 itasciipscrit.
1530 4317 1705 4389 ilecumque,
1718 4326 1751 4376 ut
1762 4332 1837 4384 reor,
1848 4327 1939 4371 omnes

289 4388 363 4442 aliud
377 4383 550 4446 luculentius,
565 4396 622 4506 quo
633 4396 730 4452 parurn
749 4390 828 4437 caute
844 4383 991 4439 adversarii
1007 4394 1087 4441 ntun-
1136 4384 1264 4448 sentient,
1282 4387 1327 4456 qui
1347 4401 1401 4442 non
1426 4387 1549 4443 Silvestre
1568 4398 1592 4443 ct
1609 4390 1825 4454 successoribus,
1843 4394 1874 4441 ul
1892 4385 1935 4441 de-

289 4465 334 4512 tur
349 4457 376 4510 in
392 4470 450 4511 rem
464 4468 551 4517 suam,
583 4453 642 4508 ibet·
657 4450 782 4508 uiticlicet
799 4450 929 4510 hetorum
951 4454 1083 4523 Siirestri,
1138 4455 1212 4509 natio
1220 4456 1310 4522 hahet,
1318 4456 1365 4511 scd
1373 4456 1432 4511 diuo
1442 4457 1520 4512 Petro
1531 4467 1556 4511 et
1568 4457 1700 4514 Romanae
1711 4458 1843 4514 Ecciesiu
1857 4455 1940 4510 iactas

289 4526 333 4597 cjn
369 4543 403 4580 ue
417 4522 610 4594 ictusdupiex.
850 4598 855 4602 .
1101 4505 1296 4580 ”donationes
1315 4525 1464 4581 hdrianum
1486 4527 1578 4583 testari
1599 4529 1712 4595 audiet,
1734 4528 1812 4585 nulia
1836 4528 1936 4586 tione.

325 4543 386 4653 iii.
407 4594 530 4651 siluestri
554 4593 622 4649 dcta
647 4607 818 4677 propugnare
848 4604 968 4666 ineptum
1000 4606 1084 4664 esset,
1137 4595 1396 4661 mrlialtalia,nulia
1409 4595 1563 4654 Occidentis
1579 4599 1793 4670 provinciarum
1807 4596 1938 4653 mentione

289 4684 352 4724 rum
375 4665 474 4722 cruditi
490 4679 593 4728 omnes,
612 4679 723 4735 panaque
741 4678 775 4718 ns
794 4664 926 4722 Baronius
946 4669 1086 4738 supposita
1136 4665 1238 4720 habita.
1250 4663 1303 4721 Sed
1314 4667 1428 4722 clariora
1439 4668 1491 4724 ista
1504 4668 1570 4723 ssent
1580 4669 1677 4724 exalia
1689 4670 1812 4740 epistola
1824 4665 1939 4738 cicumeat

289 4744 457 4811 agnoverunt
469 4736 587 4808 (mmetsi
602 4737 646 4789 hic
659 4734 729 4789 loede
742 4735 901 4803 interpolata
921 4738 1011 4809 potius
1027 4752 1085 4794 cre·
1136 4735 1271 4806 pontilicis
1286 4737 1322 4792 ad
1332 4735 1540 4794 Constantinum
1551 4746 1579 4794 ct
1592 4740 1714 4794 irenem.

289 4811 410 4932 diderit}
434 4807 502 4862 Cnrn
526 4805 622 4860 iisdem
640 4813 735 4874 elego
753 4807 857 4870 scirtio,
879 4814 908 4860 at
921 4808 986 4877 qnid
1001 4808 1035 4864 de
1052 4809 1085 4865 iis
1172 4805 1254 4860 111111.
1273 4806 1370 4862 'iotam
1387 4808 1529 4864 historiam
1545 4809 1582 4865 ibi
1600 4809 1697 4865 rideas
1713 4816 1875 4864 enarratam
1893 4803 1939 4859 Sil·

290 4880 373 4935 inerit
407 4877 494 4934 siriani
505 4891 564 4931 aero
573 4891 622 4930 cur
631 4875 738 4929 silentio
757 4886 915 4945 preteream
927 4893 980 4931 non
993 4878 1083 4934 rideo.
1135 4876 1217 4931 uestri
1232 4876 1364 4934 latitantis
1374 4878 1402 4933 io
1418 4888 1509 4935 rnonte
1528 4878 1650 4945 Soracte,
1668 4880 1794 4937 visionis
1811 4878 1940 4935 Constare

290 4950 390 5005 Cciasii
404 4950 543 5004 decretum
557 4947 666 5001 celebre
679 4960 695 4999 a
708 4945 872 5002 doctissimis
884 4947 951 5002 uiris
961 4946 1018 5017 jam
1033 4966 1085 5005 ειε-
1135 4948 1183 5000 tini
1194 4960 1243 5016 per
1253 4963 1388 5014 somnum,
1401 4950 1591 5005 admonitionis
1602 4950 1799 5022 apostolorum
1811 4949 1846 5005 tie
1858 4946 1943 5018 bapti

289 5036 324 5092 pe
340 5019 488 5088 vulgatum,
520 5014 839 5086 rascipucaliontaninio
851 5017 877 5070 in
890 5018 1038 5088 appendice
1050 5020 1084 5076 ad
1135 5026 1230 5082 smale,
1246 5033 1299 5073 uno
1314 5019 1538 5085 rcrboonrnium,
1556 5035 1616 5090 quae
1630 5021 1686 5076 hac
1706 5020 1744 5078 de
1763 5018 1941 5092 releguntur

288 5091 473 5159 antiquitates
506 5084 818 5156 ot·telp.dl'i,choti.
839 5084 898 5142 Vnt.
914 5089 1019 5154 11195,
1035 5088 1082 5144 ini.
1135 5088 1162 5142 in
1178 5089 1316 5158 supposita
1338 5089 1490 5152 donatione,
1513 5091 1582 5145 mira
1605 5098 1702 5145 mmeo
1726 5107 1794 5148 cum
1812 5089 1941 5146 uarietate

290 5161 354 5232 llil)
372 5160 444 5213 inter
463 5158 546 5212 libros
556 5156 724 5226 recipiendos
739 5172 787 5214 eos
802 5156 886 5212 hctus
904 5165 1027 5213 recenset
1042 5160 1084 5216 his
1135 5158 1236 5222 rideas,
1252 5159 1389 5228 dolusque
1404 5159 1476 5228 ipsos
1491 5159 1573 5231 306
1588 5161 1786 5229 deprehendes
1798 5161 1836 5215 ab
1849 5157 1941 5215 turta

288 5230 499 5289 recinentem
517 5227 602 5282 hctus
617 5227 689 5282 heati
704 5226 828 5282 Silvestri
845 5229 1084 5300 apostolicaesedis
1135 5241 1171 5283 ne
1194 5228 1344 5300 descriptos
1368 5244 1454 5298 usque
1479 5236 1513 5284 ad
1539 5230 1620 5285 rerba
1648 5229 1699 5284 illa
1714 5244 1722 5285 :
1739 5230 1822 5286 «Nec
1847 5230 1943 5286 dehere

289 5301 423 5374 praesulis,
438 5300 502 5354 lieet
510 5295 570 5370 ejus
579 5298 627 5367 qui
638 5298 800 5369 conscripsit
814 5313 912 5354 nomen
927 5300 1081 5370 ignoretur;
1130 5295 1186 5367 jam
1203 5298 1311 5354 dilierre
1327 5299 1521 5370 perspiritum
1544 5308 1667 5355 sanctum
1689 5299 1799 5357 iactam
1814 5299 1944 5357 clerae

289 5371 410 5427 annuitis
423 5379 511 5424 ernrcn
524 5369 628 5423 inurbe
639 5366 723 5422 Roma
738 5367 878 5425 catholicis
892 5370 942 5440 legi
953 5386 986 5427 eo
1004 5372 1083 5427 nori·
1134 5384 1196 5423 nem
1212 5369 1332 5438 piscina,
1351 5384 1432 5440 mam
1447 5369 1514 5424 istos
1525 5369 1687 5440 promisisse
1707 5386 1771 5427 succ
1788 5371 1872 5427 saluti
1888 5383 1944 5424 me·

289 5457 360 5503 ntus,
375 5438 653 5510 etproantiquousu
667 5437 758 5495 multe
772 5440 982 5496 baclmitantur
1018 5442 1084 5498 ccle
1134 5442 1290 5496 morabut.»
1308 5439 1373 5507 Quae
1391 5455 1452 5495 cunr
1468 5440 1530 5495 aliis
1544 5439 1667 5496 multisa
1688 5440 1847 5499 densatione
1866 5454 1944 5498 exsu-

290 5512 348 5566 sie.
361 5531 371 5564 t
387 5509 447 5565 iarn
465 5524 530 5564 vero
542 5508 661 5564 Adriane
674 5511 810 5579 pentiilce,
828 5511 876 5581 qui
895 5511 982 5566 trihus
996 5510 1083 5568 ier-me
1134 5509 1200 5565 iant.
1214 5511 1281 5566 Acta
1302 5510 1310 5563 i
1331 5511 1385 5564 itur
1405 5509 1539 5576 Silvestrt,
1562 5509 1713 5581 dequibus
1739 5513 1854 5568 erudite
1864 5512 1945 5567 baro-

290 5580 397 5636 saecuiis
408 5595 425 5633 a
438 5579 547 5635 Gelasio
561 5578 654 5643 distat,
670 5594 723 5634 tren
738 5582 818 5636 modo
834 5579 902 5636 uihii
913 5581 1084 5637 immutatum
1134 5582 1195 5635 nius
1208 5579 1263 5653 (an.
1278 5525 1339 5645 dig,
1353 5597 1381 5636 m
1395 5580 1429 5635 lll
1440 5594 1528 5651 seqq,
1543 5579 1606 5645 tel,
1620 5596 1647 5634 n.
1671 5581 1708 5636 31
1728 5582 1828 5655 seqq.)
1848 5592 1876 5638 ct
1886 5595 1944 5652 quat

318 5661 366 5715 Διις
383 5651 430 5704 sed
444 5649 514 5704 liber
526 5649 574 5719 qui
591 5648 742 5720 appellatur
755 5652 879 5707 canones
900 5651 1082 5721 apostolorum
1134 5651 1204 5719 apud
1224 5659 1345 5706 sanctam
1369 5653 1461 5708 selem
1484 5660 1511 5708 et
1536 5650 1600 5708 aiibi
1618 5657 1737 5722 recepta
1761 5659 1858 5720 crartt,
1879 5665 1945 5725 pura

331 5735 365 5774 er
375 5720 542 5788 apocryphos
555 5717 672 5788 rejectus
685 5721 713 5775 io
731 5722 826 5776 eodem
845 5723 954 5776 decreto
970 5719 1082 5787 Gelasii,
1133 5728 1199 5789 puta
1210 5721 1237 5775 in
1251 5718 1365 5776 Adriani
1375 5721 1498 5792 epistolis
1519 5722 1699 5788 rotarentur,
1716 5722 1756 5778 ah
1774 5731 1949 5779 auctorem·

340 5788 487 5861 apostolica
504 5789 568 5844 sede
585 5789 765 5859 recipiebatur
781 5806 816 5848 es
831 5791 939 5849 decreto
953 5791 1083 5862 Stephani
1134 5799 1189 5848 tem
1204 5790 1357 5849 donationis
1370 5791 1440 5849 locdc
1455 5793 1614 5863 {interpolata
1629 5805 1780 5865 suamque
1792 5794 1830 5850 ad
1843 5800 1950 5851 sentes·
