4050 6192
163 302 224 356 ttttt
500 295 590 352 Ltttlu
608 290 778 350 catnottn't.
798 322 833 332 -
851 289 960 348 cumr.
980 287 1025 344 DE
1043 287 1137 345 tuac.
1158 319 1192 329 -
1209 284 1403 344 rumetum.
1504 325 1507 331 -
1721 288 1789 342 tutte

160 420 334 474 aduersarum
352 419 515 485 potestatum
531 409 671 466 obsidione
688 407 828 471 fatiscere,
844 403 891 459 sed
906 403 952 459 illo
965 402 1032 464 Ain
1052 402 1113 458 sirm
1128 403 1203 474 requi
1219 402 1398 474 gubernacula
1418 400 1529 456 bouuuo
1547 400 1681 458 tribuente
1700 417 1795 464 tusca·

161 521 211 577 pre
223 520 256 562 ea
269 514 297 560 et
314 501 431 558 maxime
444 501 472 556 iu
485 514 518 555 ea
536 506 681 570 pugnante,
695 497 742 568 qui
753 495 858 566 positus
869 495 952 548 estin
1003 494 1103 563 minus,
1118 507 1227 551 necesse
1240 501 1282 548 est
1301 502 1331 548 ut
1346 491 1372 548 in
1387 489 1447 559 ejus
1463 489 1616 547 defensione
1632 499 1659 546 ct
1679 492 1714 548 ob
1734 507 1793 564 crus

161 611 193 651 ea
204 609 308 657 murus,
321 593 428 648 dicente
440 588 591 660 prometur
606 585 674 642 liris
685 585 848 656 [mendicis
859 594 954 639 norssroe
1003 586 1204 651 exaltationem,
1225 584 1332 641 Christo
1346 583 1501 648 ausiliante,
1519 590 1575 638 toto
1594 583 1690 639 annisu
1704 593 1791 641 certo·

162 685 286 747 sulcator,
300 689 412 753 pnrmtar
429 680 458 733 in
473 685 661 744 camurana
680 673 851 740 massaricie,
865 683 889 728 et
909 672 954 743 qai
1004 690 1074 740 mus,
1085 683 1117 729 ut
1134 676 1168 731 ab
1185 691 1218 731 eo
1235 675 1298 730 boni
1318 672 1389 729 serui
1407 682 1435 727 ει
1454 672 1539 728 auctis
1557 672 1666 728 nonaine
1690 675 1793 730 censeri

163 793 242 849 anper
255 774 312 845 ajat
325 788 414 826 maroa
427 769 560 825 conturna
580 767 709 832 comedet,
723 765 768 836 qai
789 774 844 819 tota
862 765 906 819 die
930 773 955 818 et
1004 767 1152 825 nubamus.
1165 767 1241 835 Quod
1259 768 1366 837 quidem
1382 782 1434 822 non
1452 766 1538 822 solum
1558 768 1644 832 nobis,
1655 769 1754 840 quibus
1767 771 1810 854 ira⁴

163 876 219 921 tata
229 873 302 919 nacta
312 862 339 916 a'rr
351 869 502 931 ρεεριιιιιιιιι
516 859 702 913 contacebunt
716 853 784 926 (lan.
794 854 869 927 arra)
884 871 891 908 :
907 855 955 910 ad-
1006 859 1085 930 buius
1096 860 1188 917 seculi
1199 859 1357 931 procellosis
1369 856 1493 915 dumibus
1515 860 1549 915 ad
1562 861 1708 931 regendum
1720 878 1795 920 com·

164 951 292 1010 versariis
324 948 470 1013 ιΐδὶῦῑθῐιθε
497 954 526 1001 a
554 944 734 1001 i¹¹¹¹¹¹¹¹¹isem
759 943 957 1014 lssbssieffldiness
1007 951 1088 1008 missa
1105 958 1155 1015 est,
1170 950 1312 1007 sedetiam
1325 951 1428 1007 cunctis
1442 952 1476 1007 ab
1492 949 1551 1020 ejus
1576 952 1703 1010 uberibus
1732 968 1797 1009 enu-

165 1043 272 1106 tutent,
284 1047 312 1096 el
326 1040 360 1095 td
373 1053 444 1094 ἵετε
458 1036 520 1092 fidel
541 1035 737 1092 wssfessslossem
753 1034 958 1090 convolantibus
1008 1040 1079 1096 tritis
1089 1040 1204 1096 sollicite
1215 1040 1413 1095 obseruandum
1424 1048 1465 1094 est
1477 1057 1486 1094 ι
1500 1039 1536 1095 ita
1550 1049 1640 1096 tanuen
1655 1049 1685 1097 ut
1696 1042 1731 1099 ab
1741 1042 1798 1112 eltis

167 1134 194 1189 in
209 1132 312 1203 gremio
328 1129 471 1198 susceptis,
484 1134 512 1182 et
526 1127 614 1182 eidem
636 1125 799 1182 confessioni
822 1124 957 1181 obstinata
1008 1129 1116 1192 unione,
1126 1130 1173 1199 qui
1186 1129 1246 1200 eius
1260 1129 1411 1185 urembmm
1431 1144 1491 1186 osse
1510 1130 1670 1199 dinoscitur,
1681 1134 1797 1189 nullatc-

167 1230 257 1278 mcnte
269 1220 464 1276 reluctantibus
476 1220 618 1285 abdicatis,
631 1219 786 1275 iamnmtsa
801 1225 829 1274 et
847 1219 959 1273 intente·
1009 1233 1060 1274 nus
1073 1219 1210 1275 abscedat.
1226 1218 1358 1286 Quoniam
1371 1218 1416 1287 qui
1434 1234 1493 1273 cum
1506 1234 1537 1274 ca
1551 1236 1603 1276 uon
1614 1228 1665 1287 est,
1672 1223 1799 1278 aduersus

168 1321 226 1366 rata
241 1319 404 1381 nemeaeum,
419 1319 518 1367 etcum
538 1312 623 1367 baarid
643 1325 741 1366 canere
762 1326 816 1366 non
844 1317 957 1365 cesam:
1008 1308 1291 1377 eamestzetquicum
1303 1322 1334 1362 ea
1342 1319 1395 1362 non
1409 1307 1519 1378 colligit,
1527 1317 1637 1380 spargat.
1646 1309 1800 1382 liujuserpn

161 1400 246 1471 Saepe
263 1409 473 1470 aapnqnamrnrrt
486 1416 527 1455 nte
542 1418 559 1454 a
575 1400 711 1469 iuuentute
723 1415 791 1463 rara,
801 1398 873 1452 dicat
890 1414 959 1452 nanc
1010 1396 1137 1452 micausa
1147 1394 1516 1466 loquieompellit,quodnon
1526 1397 1706 1468 sineqnodam
1717 1399 1799 1456 anitati

171 1489 267 1555 lsrael,
280 1505 348 1557 rapa
361 1499 571 1559 aspaqtraaernrrt
592 1505 664 1543 mea
682 1487 819 1559 jarentona
842 1504 908 1550 man,
923 1495 962 1540 et·
1010 1498 1128 1541 maerore
1147 1484 1350 1556 prosequimur,
1370 1483 1468 1553 quippe
1491 1485 1617 1554 quicum
1642 1487 1800 1544 infirmanti-

170 1577 239 1631 enim
252 1585 454 1648 conposuerunt
465 1577 529 1632 milri
552 1575 638 1648 (Paul.
656 1575 749 1648 orara)
765 1589 772 1629 ι
787 1590 848 1644 quar
874 1576 962 1630 inces-
1010 1572 1210 1638 busiutirmari,
1223 1580 1250 1628 ει
1259 1587 1320 1626 eum
1332 1572 1578 1629 scandalizantibus
1589 1575 1642 1642 uri,
1654 1577 1801 1647 apostolico

171 1674 264 1720 santer
275 1680 324 1735 per
336 1673 428 1734 partes
442 1666 520 1720 trinae
533 1664 664 1720 orationis
682 1664 840 1736 mysterium
861 1671 963 1718 macta
1011 1664 1191 1736 perdocemur
1200 1664 1332 1733 exemplo.
1344 1663 1521 1720 inflammarit
1534 1666 1615 1738 igitar
1626 1677 1743 1725 ventosae
1754 1684 1801 1724 ar·

172 1756 313 1811 Trinitatis
324 1756 443 1825 exponit,
455 1754 518 1809 dum
531 1762 559 1825 et
574 1755 656 1809 rerba
675 1768 723 1809 sua
741 1753 852 1808 auribus
865 1753 962 1808 diritrae
979 1733 1143 1825 ”rogantia
1167 1752 1259 1809 indata
1277 1755 1404 1822 ambitio,
1416 1765 1443 1811 et
1457 1769 1534 1813 rann
1550 1757 1637 1814 laudis
1652 1760 1802 1816 insolentis·

172 1845 321 1914 auajcstatis
343 1844 523 1914 percipienda,
540 1845 566 1898 id
586 1852 628 1899 est
650 1843 781 1914 psallendi
805 1843 959 1910 melodiam,
1013 1844 1098 1899 simus
1111 1844 1254 1914 appetitus,
1273 1846 1404 1915 quosdam
1417 1847 1589 1904 orierualium
1609 1850 1726 1920 partium
1748 1867 1801 1907 noa

172 1952 252 2008 quarn
264 1937 323 1991 sine
335 1936 534 1992 intermissione
544 1936 662 2000 exbibet,
679 1935 855 2006 deprecatum
871 1945 899 1992 et
911 1936 964 1992 cla·
1014 1934 1100 1990 solum
1114 1950 1205 2005 reges,
1220 1936 1267 1990 sed
1290 1936 1374 1992 etiam
1391 1938 1554 2006 sacerdotes,
1567 1941 1634 1996 adeo
1652 1950 1682 1996 ut
1696 1952 1803 2012 postpo-

173 2042 276 2082 morem
290 2026 503 2098 intelligendum,
518 2026 599 2081 idest
609 2026 700 2081 cordis
712 2023 900 2097 affectumqui
911 2042 964 2082 nun
1015 2024 1066 2078 sita
1080 2039 1146 2079 sana
1160 2025 1303 2095 sobriaque
1315 2026 1451 2092 umtrira,
1464 2035 1492 2083 ct
1503 2029 1727 2099 parvipendentes
1738 2030 1802 2087 illud

174 2118 285 2172 auribus
295 2116 458 2179 caramlibus,
473 2117 521 2171 sed
533 2099 713 2170 ineffabilibus
727 2114 825 2171 diuinae
839 2114 966 2184 maiesta-
1015 2111 1206 2181 apostolicum,
1217 2112 1248 2168 st
1261 2115 1319 2184 quar
1333 2115 1544 2185 marapetiannarit
1556 2117 1643 2185 aubia,
1659 2130 1753 2189 pra'er
1776 2121 1804 2175 id

175 2209 210 2262 tis
236 2204 371 2261 auditibus
398 2204 557 2260 mirabiliter
583 2204 730 2274 excipitur,
754 2204 850 2261 derata
876 2213 966 2260 mente
1014 2202 1084 2273 qaod
1098 2200 1303 2273 eoanqeiiaotam
1319 2212 1367 2267 cat,
1382 2205 1428 2258 etsi
1440 2205 1548 2275 capam
1560 2205 1604 2275 rit,
1621 2208 1804 2263 nnatbernaair

174 2305 283 2364 exorat,
296 2306 323 2351 et
350 2294 481 2352 orationis
504 2310 560 2351 snm
586 2310 679 2351 rocem
706 2296 898 2352 intendendam
919 2311 967 2350 ex·
1016 2289 1123 2363 (Galat.
1142 2289 1183 2362 r),
1198 2298 1226 2346 et
1249 2291 1477 2360 transgredientes
1501 2302 1595 2349 contra
1620 2296 1803 2367 propheticam

175 2388 270 2458 poscit,
281 2396 312 2443 ut
323 2388 426 2443 scilicet
438 2385 637 2444 declarethanc
648 2401 709 2443 esse
729 2386 879 2442 orationem
905 2400 967 2455 por·
1017 2379 1212 2435 institutionem
1223 2381 1353 2436 terminos
1371 2381 1572 2453 majana-amman
1586 2384 1700 2441 infames
1711 2394 1739 2442 et
1751 2385 1806 2442 iuc-

177 2478 273 2532 iectam
285 2492 366 2546 quam
381 2475 479 2530 mentis
491 2474 604 2531 allectus
617 2476 737 2531 ardentis
752 2474 910 2532 inflammat.
933 2475 967 2530 lit
1017 2470 1279 2543 plissimassynodos
1289 2471 1416 2530 Ecclesia
1427 2472 1667 2534 inlerrcconentur
1678 2478 1806 2547 quodnec

176 2582 328 2639 quanquam
351 2568 549 2636 metaphoricos
565 2567 675 2622 mutatis
695 2566 784 2622 verbis
804 2581 900 2622 sensus
922 2582 968 2622 ne
1018 2560 1143 2618 Salvator
1163 2577 1215 2619 nee
1232 2564 1347 2633 apostoli
1367 2563 1490 2622 intulisse
1508 2574 1672 2635 reseratum
1690 2577 1719 2625 ει
1742 2570 1806 2625 dum

176 2669 247 2715 stros
259 2658 420 2723 immisceat,
432 2657 549 2713 diuinam
566 2666 656 2713 tamen
669 2666 792 2713 naturam
813 2656 899 2713 credit
913 2673 967 2713 non
1015 2650 1165 2716 sublimare
1183 2660 1316 2710 conamen
1334 2669 1390 2711 sum
1414 2654 1503 2712 nadis
1520 2655 1666 2729 fastigium,
1680 2675 1806 2733 magnam

178 2749 298 2818 partious
321 2746 503 2802 membrorum
525 2745 699 2802 discernenda
726 2746 895 2811 discerncre,
920 2746 968 2801 scd
1018 2741 1187 2798 accumulent
1201 2742 1258 2799 sutis
1269 2743 1410 2801 animum
1420 2744 1582 2816 deliquimus
1606 2747 1722 2818 dumque
1745 2764 1807 2805 sua

177 2851 230 2891 una
247 2835 347 2889 uirtute
366 2841 464 2889 cuncta
488 2849 627 2906 peragere,
642 2835 687 2904 qui
709 2850 741 2890 eo
768 2850 828 2906 quae
853 2850 868 2888 a
890 2834 968 2891 nobis
1018 2845 1080 2885 rum
1100 2839 1237 2903 gestorum
1255 2832 1378 2888 ordinem
1398 2833 1492 2889 rolant
1516 2835 1644 2890 mauriane
1671 2835 1808 2892 memoriae

177 2925 303 2980 ridentur
315 2924 397 2986 audit,
413 2932 441 2978 ct
465 2917 524 2994 quae
549 2924 726 2995 cogitavimus
748 2926 805 2982 sire
825 2924 966 2994 cogitaturi
1017 2922 1193 2993 posteritatis,
1205 2922 1358 2979 discindunt
1376 2923 1512 2980 uirrculum
1535 2924 1725 2982 ecclesiastieae
1748 2926 1809 2980 uni-

179 3033 281 3082 sumus,
296 3018 366 3072 iutro
385 3016 513 3086 inspicit:
529 3017 737 3087 necquidquam
758 3015 817 3086 ejus
839 3015 967 3072 ineffabili
1018 3013 1092 3070 tatis.
1105 3012 1211 3069 nessia
1225 3028 1290 3070 saue
1306 3020 1348 3069 εει
1365 3022 1428 3071 ante
1447 3015 1497 3070 bos
1516 3030 1601 3071 annos
1626 3016 1653 3070 ia
1677 3015 1809 3087 ilitbynian

178 3108 271 3182 lumini
289 3115 376 3177 potest
389 3107 538 3163 abscondi:
555 3108 666 3163 auribus
677 3108 776 3163 etenim
790 3109 872 3165 rerba
885 3108 970 3179 perci·
996 3110 1006 3131 ⁰
1020 3105 1144 3177 partibus
1154 3105 1276 3176 quaedam
1292 3107 1412 3177 synodus
1428 3113 1482 3162 um
1500 3106 1614 3163 incautae
1635 3114 1743 3177 umque
1765 3108 1808 3164 iu-

178 3212 252 3269 pere,
264 3198 409 3253 clamorem
428 3197 588 3269 intelligere,
600 3199 659 3255 roci
674 3199 805 3254 orationis
819 3199 968 3267 intendere,
1020 3195 1144 3252 discrete
1159 3197 1383 3267 promanabant
1399 3197 1528 3270 imagines
1542 3197 1570 3253 in
1582 3199 1748 3254 ornamentis
1765 3215 1807 3255 ce·

179 3304 333 3359 quanquam
349 3289 445 3344 iterate
472 3291 523 3345 sub
553 3290 685 3345 varietate
702 3291 855 3352 uerborum,
869 3303 918 3359 per
943 3288 970 3344 id
1020 3288 1110 3344 clesite
1123 3296 1150 3344 et
1164 3288 1293 3343 memoria
1308 3304 1398 3343 rerum
1411 3296 1545 3359 gestarum
1559 3288 1593 3343 ab
1605 3289 1723 3358 antiquis
1734 3289 1806 3359 posi-

179 3378 322 3433 iocutionis
333 3394 416 3449 genus
428 3378 499 3448 quod
513 3393 528 3432 a
545 3377 699 3434 rhetoribus
710 3377 842 3433 metabole
860 3378 969 3443 dicitur,
1021 3386 1063 3433 tas
1074 3378 1182 3433 incauta
1192 3377 1330 3434 abolerent
1342 3377 1509 3434 abdicatione
1522 3392 1529 3434 ι
1541 3379 1665 3449 quodque
1678 3379 1808 3436 [lambrus

178 3468 372 3539 proterantur:
392 3469 463 3523 trina
478 3477 567 3523 tamen
595 3468 719 3539 repetitio
741 3483 825 3522 unrrm
847 3468 971 3538 idemque
1020 3469 1053 3524 de
1066 3467 1145 3523 idolis
1158 3468 1295 3538 pracepit,
1305 3469 1356 3524 bcc
1366 3468 1404 3524 illi
1415 3469 1448 3524 de
1461 3468 1566 3525 coactis
1575 3468 1735 3539 imaginibus
1745 3484 1807 3539 per·

179 3557 323 3628 siguificat,
336 3574 396 3626 quac
414 3557 494 3613 etiam
506 3558 533 3613 in
546 3558 714 3614 inuocatione
729 3558 800 3629 regis
813 3566 841 3613 et
853 3557 900 3612 bei
913 3545 971 3613 siue
1019 3565 1174 3629 petracent;
1190 3558 1339 3614 nescientes
1358 3558 1501 3630 imaginem
1519 3573 1579 3614 esse
1599 3574 1692 3630 genus,
1707 3559 1807 3616 idolum

181 3647 297 3714 bantini,
310 3649 373 3702 dum
385 3647 458 3703 dicit.
474 3647 531 3702 lien
542 3665 614 3702 mear
627 3657 651 3702 et
666 3646 736 3702 Deris
749 3663 831 3713 mens,
847 3647 971 3718 qnorrinm
1019 3665 1085 3707 uero
1098 3649 1216 3721 speciem
1234 3667 1242 3703 :
1263 3657 1291 3705 et
1305 3650 1422 3723 spscicm
1438 3649 1472 3705 ad
1488 3665 1582 3721 genus,
1595 3666 1681 3720 genus
1697 3653 1732 3707 ad
1744 3667 1808 3722 spe·

181 3740 215 3793 ud
230 3749 254 3792 ιε
266 3740 356 3805 orabo,
370 3735 479 3793 bomine
490 3737 575 3811 (Pani.
586 3754 603 3793 v
613 3747 641 3794 et
650 3738 744 3809 taurus)
757 3756 764 3792 :
776 3748 833 3794 tres
843 3753 972 3809 personas
1021 3740 1090 3795 ciem
1104 3739 1200 3796 referri
1209 3756 1263 3798 non
1278 3756 1368 3813 posse.
1380 3740 1447 3796 Nam
1461 3756 1522 3798 curu
1533 3755 1602 3809 pene
1614 3756 1692 3796 omne
1706 3742 1806 3798 idolum

180 3838 207 3883 et
219 3845 300 3883 unam
318 3830 495 3885 substantiam
511 3829 539 3884 iu
551 3829 695 3884 Divinitate
709 3844 738 3883 se
755 3828 866 3884 eredere
885 3836 912 3884 ει
933 3826 972 3883 ia·
1022 3831 1110 3902 imago
1133 3831 1188 3897 sit,
1209 3847 1263 3886 non
1286 3832 1374 3887 omnis
1392 3831 1481 3902 imago
1505 3828 1616 3886 idolum.
1638 3829 1756 3887 Alterius
1779 3840 1808 3887 et

181 3920 232 3974 teri
255 3920 430 3986 demonstrat,
444 3935 505 3976 eum
530 3920 611 3975 trium
636 3919 776 3976 nominum
798 3916 973 3982 invocationi,
1021 3920 1222 3993 longealterius
1230 3921 1393 3978 delinitionis
1405 3930 1446 3978 est
1456 3921 1566 3987 idolum,
1577 3921 1688 3977 alterius
1699 3922 1802 3993 inungo·

181 4025 235 4064 uon
261 4009 383 4079 pluralia,
402 4012 450 4067 sed
473 4010 618 4082 singularia
646 4010 726 4065 rerba
753 4008 898 4063 interserit.
923 4008 972 4064 Est
1021 4023 1083 4065 enm
1096 4008 1220 4065 uidelicet
1231 4009 1289 4065 istae
1299 4011 1334 4067 ad
1346 4017 1534 4068 ornamentum
1547 4010 1590 4066 rcl
1602 4009 1638 4066 a'd
1654 4023 1699 4065 res
1718 4021 1808 4083 gestas

181 4099 254 4154 enim
266 4109 359 4156 sancta
372 4111 468 4168 mator,
480 4111 522 4158 est
534 4101 713 4166 immaculata,
725 4110 766 4156 est
780 4100 919 4171 practura,
931 4109 973 4157 est
1021 4101 1208 4158 monstrandas
1219 4100 1295 4170 bant,
1307 4100 1470 4158 illudentem
1487 4115 1624 4171 nunquam
1638 4101 1690 4157 nisi
1702 4109 1737 4157 ad
1754 4103 1807 4158 uui-

183 4191 346 4263 incnrrupta,
357 4201 437 4251 estet
450 4193 572 4262 secunda,
583 4210 644 4265 que
659 4203 687 4250 ct
700 4194 881 4266 virginitatem
894 4194 973 4250 amit·
1022 4206 1143 4248 semmua
1158 4192 1263 4248 animas
1273 4192 1404 4264 amntem
1421 4192 1475 4248 ritu
1488 4200 1516 4246 et
1530 4207 1600 4247 rana
1617 4193 1808 4263 superstitione

185 4289 242 4336 tere
265 4284 366 4349 nescit.
388 4294 416 4340 et
440 4285 509 4341 ulios
535 4301 663 4357 generare
688 4301 742 4341 non
765 4286 889 4342 desinit:
912 4302 973 4357 quaa
1022 4279 1339 4353 inliciendastetimasso
1350 4282 1384 4337 ad
1397 4281 1508 4351 aliquid,
1520 4281 1619 4337 idolum
1637 4282 1671 4338 ad
1690 4282 1807 4354 seipsum

183 4383 285 4444 quanto
302 4375 416 4447 amplius
430 4378 522 4433 mundi
545 4378 753 4434 adversitatibus
775 4376 880 4443 feritur,
897 4386 977 4456 tanto*
1023 4368 1138 4426 dicmur·
1154 4369 1204 4437 0¹1¹
1217 4371 1344 4427 nimirum
1359 4379 1440 4427 ‘³¹¹¹ae
1457 4370 1587 4429 &cimil
1601 4372 1716 4445 cengille
1732 4374 1810 4430 obte-

184 4463 349 4522 incitamus
357 4468 413 4523 sna
422 4467 658 4524 exenteratorum
668 4468 814 4524 turturinas
825 4469 970 4525 dilatatur:
1024 4457 1255 4526 nncbnntnernn,
1269 4467 1300 4514 nt
1317 4459 1480 4531 canaanque
1493 4476 1541 4518 aaa
1553 4461 1654 4519 habere
1673 4462 1701 4518 u
1723 4463 1810 4520 eccle

183 4565 212 4612 eq
225 4566 324 4625 quanto
336 4559 396 4628 plus
407 4559 548 4629 premitur,
562 4567 637 4616 [amo
648 4558 729 4614 atqu,
741 4559 883 4626 mamm,
892 4574 973 4630 quam
1023 4545 1071 4601 siis
1085 4548 1264 4604 noscebantur
1282 4548 1324 4605 uei
1336 4548 1453 4606 babituri
1470 4559 1547 4606 erant
1565 4551 1809 4618 anathematizatis,

183 4652 314 4722 propbeta
324 4651 640 4723 peretbopmianbeosie
648 4652 792 4708 introducit
803 4653 972 4722 loquentem:
1024 4639 1095 4694 5¹¹²&
1108 4645 1220 4696 θίθῑθῐθὸ
1232 4654 1338 4696 θιῐθῐθὸ
1354 4640 1408 4697 ¹100
1424 4642 1506 4697 elium
1530 4657 1580 4698 ⁸¹¹⁰
1601 4644 1686 4699 errori
1710 4644 1811 4701 inserc-

184 4735 250 4792 Cam
263 4740 408 4794 invocarem
425 4751 458 4807 te,
476 4741 606 4796 exaudisti
624 4757 674 4808 me,
693 4741 762 4795 Deus
775 4741 887 4811 justitiae
900 4756 972 4806 mere,
1024 4728 1115 4784 finib
1133 4730 1205 4800 quod
1219 4744 1268 4786 rel
1285 4745 1378 4788 eorum
1399 4730 1591 4789 contituimus
1607 4748 1655 4789 ces
1672 4735 1707 4790 ab
1734 4734 1812 4790 idolis

184 4827 212 4881 in
222 4825 389 4883 tnbmationa
406 4828 523 4885 dilatasti
537 4847 578 4885 me
590 4829 675 4902 (Psoi.
691 4829 739 4904 ur).
754 4828 837 4900 Cujus
848 4831 975 4901 quoniam
1025 4820 1185 4879 liberasset:
1203 4832 1231 4879 et
1245 4822 1271 4878 ci
1287 4823 1334 4895 qui
1350 4823 1494 4880 exsultarit
1507 4832 1538 4879 ut
1549 4825 1626 4896 rigas
1643 4824 1679 4880 ad
1700 4840 1811 4880 curreu-

221 4958 326 5016 ⁸Gcsta
337 4971 518 5018 summonte
529 4964 576 5018 liar
587 4981 669 5018 annos
681 4962 848 5033 indictante
858 4965 976 5033 parides
1025 4957 1200 5028 cuiusedicto
1211 4959 1438 5033 Constantinopoli
1449 4963 1565 5033 synodus
1583 4962 1628 5018 ilia
1646 4963 1694 5020 tuit
1713 4977 1812 5018 couro-

184 5029 306 5099 quoedam
317 5030 442 5101 synodus,
453 5040 507 5114 etc.
518 5033 572 5088 dut
583 5036 746 5117 &yreaapitrq
768 5040 816 5087 ant
834 5033 976 5119 &papulam
1026 5039 1096 5093 cta,
1108 5031 1136 5085 in
1149 5029 1225 5099 cujus
1240 5030 1293 5113 bne
1308 5032 1380 5113 iuter
1388 5031 1594 5089 acclanmtiones
1600 5032 1733 5116 solemnes
1747 5029 1812 5101 legi·

187 5108 399 5170 ενημιειντικῶς.
411 5101 516 5157 Etenim
530 5119 583 5160 non
598 5119 624 5158 un
635 5104 770 5175 Bubynta,
785 5103 976 5160 sedbonstau·
1026 5106 1071 5154 tur
1089 5099 1219 5156 :Omnem
1240 5099 1417 5158 amtatnnanr
1440 5117 1483 5156 noa
1505 5101 1672 5157 obscurantur.
1692 5102 1733 5157 Ad
1749 5116 1813 5240 &a

185 5159 298 5250 'tipopqii
319 5169 346 5224 in
363 5169 464 5240 palatio
485 5171 583 5254 llierim
603 5172 744 5256 ⁸celebrata
766 5174 824 5230 baec
846 5174 975 5255 synodus.
1027 5169 1109 5250 verba
1127 5170 1155 5224 in
1170 5170 1240 5253 actis
1256 5168 1357 5227 Nirmni
1374 5171 1480 5253 canolii
1503 5187 1521 5225 u
1537 5179 1751 5253 commentatur,

186 5235 243 5318 ilasi
258 5253 281 5294 st
298 5252 375 5294 error
388 5249 494 5323 cognati
506 5258 626 5323 nominas
647 5242 774 5301 lubranos
797 5243 912 5315 decepit,
933 5258 978 5299 re-
1026 5237 1143 5308 pbtntns
1159 5256 1166 5291 t
1186 5258 1195 5290 ι
1213 5238 1241 5295 Su
1255 5253 1319 5322 tero
1332 5240 1373 5312 (ut
1385 5256 1436 5310 ipsu
1449 5240 1535 5312 aiunt)
1546 5249 1694 5324 conuentus
1708 5254 1813 5323 episcp-

186 5306 411 5389 scrtbcndumque
423 5319 468 5377 sat,
477 5309 585 5376 liseria,
598 5326 649 5382 pro
659 5311 800 5384 Ritnpaia,
812 5314 864 5370 boc
876 5314 955 5371 modo
968 5331 975 5370 :
1027 5322 1123 5380 porum
1133 5315 1160 5365 ει
1170 5310 1254 5367 robur
1271 5319 1463 5391 imperatorum
1477 5326 1527 5394 uos
1538 5311 1573 5367 ab
1585 5309 1664 5367 uuus
1676 5310 1810 5375 liberarit,

187 5373 441 5505 iiss'issiilddi
459 5381 580 5453 imm
594 5399 652 5454 ⁸⁹¹¹·
666 5380 744 5450 ⁰⁰⁰⁶
758 5383 824 5439 ³¹³¹*
837 5383 869 5439 ⁰‘
882 5384 978 5441 ΜΟ·
1028 5377 1705 5508 mibttttttbttllburicum
1718 5380 1813 5507 tint

225 5515 240 5556 ¹·
252 5513 333 5640 gaad
346 5533 391 5572 rea
402 5534 492 5574 coram
500 5517 861 5582 Constantinurtornbidolit
870 5524 980 5581 liberas-
1029 5531 1080 5574 Μ
1093 5518 1226 5584 liberavit,
1244 5519 1379 5590 quamdo
1392 5528 1520 5592 poterunt
1535 5519 1643 5590 glorari
1663 5527 1692 5577 et
1707 5518 1812 5589 inerme

192 5591 236 5637 set.
274 5579 460 5658 areblagnum
483 5589 617 5660 intelligas
632 5606 694 5648 eam
717 5593 763 5664 qui
778 5593 881 5666 primas
895 5594 981 5665 imps-
1030 5604 1047 5643 a
1073 5603 1104 5645 se
1130 5588 1246 5660 idipsam
1272 5588 1391 5645 laetanti
1414 5588 1439 5646 0
1466 5590 1587 5646 insanam
1607 5588 1808 5660 jactantiamia

192 5662 311 5710 rarorum
323 5653 392 5710 idota
403 5656 792 5726 ejuravtr,sauconstaattama
801 5662 979 5736 momiano,
1031 5656 1116 5726 mun
1134 5658 1222 5716 locun
1240 5659 1350 5716 indubie
1367 5659 1402 5716 ob
1419 5659 1512 5717 matos
1533 5660 1631 5717 nabun
1645 5671 1675 5717 et
1693 5659 1811 5733 respexit

312 5746 449 5809 Parnon.
474 5749 615 5815 xcvttt.
1593 5752 1633 5816 32
