4050 6192
188 385 224 441 tit
299 382 378 443 cub.
396 384 483 442 1)le.
495 415 531 426 —
543 381 691 454 bohun„
706 385 796 456 etc,
810 386 876 444 SEU
891 385 968 444 (101).
985 382 1191 441 castulitatis.
1213 417 1247 426 —
1265 383 1471 443 STEPlllell
1491 387 1545 444 ΕΡ.
1559 419 1594 429 -
1608 388 1728 448 uouit.
1769 410 1771 416 ·
1801 396 1836 452 ιδ

188 494 232 551 rel
245 495 403 566 respublica
412 495 594 550 Romanorum
608 493 720 551 reddere
730 504 883 566 passusest,
897 517 906 549 i
918 495 989 566 quod
1004 504 1028 562 Α
1042 508 1091 562 per
1105 494 1204 549 nullius
1226 495 1343 551 hominis
1365 497 1484 554 laiorem
1505 515 1566 555 sese
1585 503 1727 559 certamini
1741 510 1840 580 sepius

187 567 406 637 precedentibus
423 566 450 620 iu
473 566 577 620 duabus
592 566 712 634 epistolis
727 567 804 637 lGod.
826 567 901 632 Can,
919 571 945 633 b,
961 567 987 632 ι,
1041 564 1170 631 dedisset,
1188 566 1240 620 nisi
1261 581 1310 636 pru
1333 583 1427 623 amore
1450 570 1522 625 beati
1546 570 1619 627 Petri
1632 582 1661 628 ct
1682 576 1761 631 venia
1774 581 1840 635 deli-

188 637 225 691 ιιι.
240 637 268 699 7,
283 637 313 708 9)
335 636 458 706 pontifex
475 637 659 705 querebatur:
684 652 738 706 quo
762 638 770 690 i
790 638 843 691 itur
865 645 989 707 spectant
1039 643 1164 701 ctornm;
1187 651 1311 692 assereus
1325 647 1353 692 et
1373 639 1433 704 hoc,
1452 639 1523 709 quod
1544 642 1617 697 nulla
1636 658 1699 699 cuni
1718 646 1840 706 thesauri

187 708 242 762 alia
257 707 304 760 illa
323 708 405 761 rerba
428 704 548 774 ejusdem
603 705 703 762 iitiilcis
718 652 796 778 (Gai.
813 706 887 773 Coa,
902 723 944 777 ep.
959 706 986 773 t,
1039 705 1117 774 copia
1138 708 1251 763 suadere
1272 708 1375 763 ualeret
1397 721 1426 764 ut
1451 711 1524 779 quod
1546 714 1629 768 semel
1656 716 1736 770 heato
1757 718 1839 775 Petro

187 777 224 832 al.
240 777 300 847 ιι),ι
312 792 451 832 scamaras
461 786 542 845 atque
591 776 779 845 praedationes,
794 791 842 831 seu
860 779 987 833 devasta-
1038 775 1146 839 obtulit,
1157 776 1284 833 auferret.
1301 779 1421 834 ›Fusins
1431 780 1521 836 omnia
1531 792 1694 838 enarrantur
1704 785 1838 859 65apud

186 847 276 901 tiones
287 847 317 901 in
341 847 497 901 multatibus
517 853 545 901 et
564 845 631 901 loeis
648 849 720 901 beati
742 846 838 901 Petri?
855 868 865 901 i
882 848 985 913 etalia,
1037 842 1297 918 dunstanumque
1320 850 1371 904 bac
1393 850 1420 903 iii
1443 867 1473 905 ie
1496 851 1627 923 integrior
1641 855 1720 910 testis
1743 859 1838 915 baberi

186 932 248 986 qum
267 931 357 986 nuper
376 917 546 971 andivimus:
570 935 580 967 ι
607 916 712 987 aliquas
733 917 857 973 civitates
879 926 987 973 nostras
1038 929 1091 970 non
1115 924 1221 985 potest:
1243 934 1274 972 ea
1296 919 1427 988 siquidem
1454 922 1563 990 scripsit
1585 938 1647 992 quae
1665 942 1679 979 a
1696 940 1758 996 rege
1779 931 1839 999 ipso

187 987 472 1057 comprehendes-unit
496 1007 506 1039 i
527 987 649 1058 Longum
665 995 736 1043 esset
756 988 801 1044 hic
821 988 911 1042 omnia
925 1000 988 1058 per·
1037 988 1157 1054 pontifex
1176 988 1330 1044 sciscitatus
1349 989 1437 1045 luerat
1458 1002 1590 1062 erantque
1614 995 1685 1051 baud
1701 998 1781 1053 dubie
1794 1000 1839 1054 tit-

186 1059 272 1127 sequi,
295 1072 358 1126 quae
379 1057 598 1127 opportuniorem
624 1058 675 1113 sihi
697 1059 786 1112 hicum
808 1058 943 1113 vindicant
959 1058 985 1113 in
1038 1060 1104 1111 teris
1114 1061 1312 1114 commendata.

186 1129 268 1182 uotis.
286 1127 351 1182 llaec
362 1137 452 1183 tamen
474 1142 559 1197 pauca
571 1128 651 1197 digna
674 1129 739 1183 mihi
763 1129 820 1183 uisa
842 1136 905 1183 sunt
926 1144 987 1199 quae
1073 1127 1140 1182 xiii.
1159 1129 1193 1182 Et
1208 1144 1271 1183 vero
1290 1145 1343 1184 nuri
1362 1131 1460 1184 multos
1473 1139 1534 1200 post
1551 1132 1624 1196 dies,
1641 1135 1733 1191 audito
1746 1136 1836 1195 Graeci

186 1198 231 1253 liic
255 1199 340 1253 veluti
365 1198 550 1267 praelibentur,
576 1198 704 1268 quoniam
729 1206 851 1267 praeeunt
914 1212 986 1254 sses-
1037 1197 1209 1266 imperatoris
1230 1199 1326 1270 legato,
1349 1216 1395 1253 rex
1415 1201 1583 1256 Francorum
1600 1205 1698 1259 devicit
1716 1212 1837 1266 secunda

185 1270 290 1323 sionmn
304 1268 346 1321 rel
363 1269 443 1322 uiiiiis
454 1268 537 1339 palmi
551 1276 632 1323 terrm
648 1269 771 1322 initama
794 1269 868 1339 ponti
890 1285 932 1335 ee,
950 1269 984 1324 ad
1035 1265 1222 1337 aistulphum,
1238 1271 1400 1339 iniciamque
1415 1271 1500 1325 Ticini
1519 1272 1641 1328 clausum
1660 1278 1749 1348 coegit
1768 1281 1835 1334 dare

185 1339 298 1402 Cointii,
321 1337 395 1407 rapit
418 1339 588 1408 aliorumque
608 1349 663 1392 tuin
677 1355 711 1392 ex
732 1338 855 1403 Francia,
881 1348 937 1393 tiiiu
952 1355 986 1396 eii
1037 1339 1143 1403 missos,
1159 1339 1318 1409 quibuscum
1333 1356 1399 1394 suus
1413 1341 1585 1398 consiliarius
1599 1344 1733 1401 Fulradus
1750 1350 1834 1406 abbas

185 1408 260 1463 ltalia
271 1410 437 1479 scriptorum
448 1409 588 1478 opiniones
599 1408 769 1470 evertendas,
782 1410 828 1478 qui
840 1410 986 1478 puiitiilcim
1036 1408 1201 1479 singularum
1217 1410 1355 1464 civitatum
1368 1411 1567 1479 possessionem
1581 1414 1662 1468 iniret
1676 1430 1727 1486 pro
1739 1427 1834 1476 saneta

186 1479 379 1534 dominationis
394 1479 541 1550 primordia
562 1478 706 1533 desumunt
728 1479 906 1535 adunatione
924 1479 986 1549 Pip-
1036 1482 1116 1542 sede,
1139 1480 1211 1549 qnod
1235 1480 1334 1534 lactum
1358 1481 1503 1549 postremis
1526 1483 1664 1538 mensibus
1683 1488 1746 1541 anni
1768 1489 1832 1554 755,

206 1550 255 1613 ini,
268 1559 306 1611 et,
325 1550 398 1618 quod
419 1547 576 1604 incredibile
595 1551 706 1604 omnino
721 1555 771 1611 est,
793 1550 941 1605 exarchatu
957 1558 985 1605 et
1035 1546 1151 1603 fortasse
1162 1551 1244 1603 etiam
1256 1551 1393 1617 sequentis
1404 1551 1495 1618 initio;
1510 1566 1571 1605 narn
1582 1554 1711 1622 pontifex,
1725 1560 1833 1615 nonnisi

183 1563 326 1689 ssentapoli
351 1618 485 1673 definiunt
507 1627 607 1674 sanctae
631 1619 703 1674 sedis
724 1619 879 1685 ditioneni;
907 1621 986 1676 Urbis
1036 1634 1107 1673 aniio
1121 1619 1172 1673 756
1186 1620 1381 1688 aliquantulum
1397 1624 1593 1692 proiectoagit
1625 1625 1707 1680 retias
1720 1626 1833 1697 Pippino

182 1697 316 1744 autemet
332 1689 447 1744 Romani
469 1690 583 1743 ducatus
596 1689 763 1744 dominatum
782 1689 829 1743 alii
846 1691 881 1744 ad
899 1706 984 1746 annos
1035 1688 1585 1763 obnegotiuinaFiilrpdoconieetumlC
1622 1693 1716 1761 .Cnr.,
1731 1699 1830 1767 epil,

182 1760 262 1823 alios,
280 1760 410 1814 diuturna
426 1774 522 1813 omnes
544 1768 605 1828 post
617 1769 748 1828 tempora,
761 1768 790 1813 et
807 1774 902 1814 omnes
915 1760 984 1816 ialsu
1035 1756 1071 1812 al.
1087 1759 1126 1830 8),
1144 1760 1214 1814 istud
1229 1760 1310 1814 etiarn
1326 1758 1473 1831 adjungens
1487 1764 1558 1829 quod
1575 1778 1660 1818 nurus
1674 1765 1831 1838 Langobar·

183 1829 313 1884 mucroni
325 1829 438 1898 ejusque
450 1836 573 1884 naturam
585 1837 752 1898 pervertunt.
1035 1829 1130 1883 dorum
1143 1845 1190 1885 rex
1203 1830 1357 1884 Desiderius
1369 1846 1399 1885 se
1411 1831 1577 1886 redditurum
1588 1836 1749 1903 promiserat
1762 1854 1831 1893 noii-

219 1899 265 1953 ΧΙ.
280 1898 350 1953 Cuni
360 1899 432 1953 euim
444 1907 553 1954 sanetus
564 1899 619 1953 Leo
630 1899 672 1962 tlt,
684 1906 740 1952 tuiii
755 1906 846 1953 motus
860 1899 983 1969 exemplo
1034 1897 1123 1952 nullas
1149 1899 1290 1962 ciuitates,
1319 1914 1434 1968 quarum
1459 1904 1658 1968 possessionem
1687 1906 1756 1961 inire
1782 1922 1831 1978 per

183 1984 300 2022 suornm
323 1970 553 2038 predecessorum
583 1968 659 2023 Pauli
686 1968 705 2029 ι,
737 1968 866 2037 Stephani
894 1969 927 2023 ΙιΙ
955 1978 983 2025 et
1032 1967 1204 2038 distulpbum
1222 1983 1274 2023 non
1292 1969 1414 2022 licuerat.
1431 1970 1532 2025 Eadem
1546 1974 1687 2029 occasione
1700 1986 1728 2028 et
1743 1978 1776 2032 de
1790 1979 1830 2032 al-

180 2038 307 2103 ddrssani,
332 2039 379 2107 qui
405 2039 591 2093 ilai‘ennatuin
608 2038 871 2107 archiepiscoporum
899 2040 980 2093 auda·
1033 2043 1091 2091 tero
1109 2038 1133 2090 ie
1168 2048 1196 2092 to
1213 2037 1345 2108 imperiali
1363 2039 1422 2093 baie
1438 2040 1554 2095 scribit:
1575 2042 1724 2110 «Qualiter
1737 2054 1827 2101 autem
1857 2097 1864 2109 ,

181 2109 254 2163 ciam
270 2111 421 2179 reprimere
434 2108 598 2163 Francorum
615 2123 709 2179 regum
726 2108 827 2162 auxilio
848 2108 904 2173 via,
927 2109 983 2164 imo
1032 2120 1093 2160 cuni
1106 2106 1135 2162 Si
1163 2108 1261 2163 ntiario
1275 2108 1357 2162 locuti
1373 2107 1487 2172 fueritis,
1504 2111 1546 2164 rel
1560 2117 1767 2180 quomodoenm
1781 2124 1827 2172 tua

180 2193 217 2233 ne
235 2178 282 2232 rix
305 2180 415 2249 quidem
472 2186 588 2244 tueraiit,
611 2188 643 2233 ut
661 2177 731 2233 inira
751 2177 861 2247 planum
874 2178 928 2233 erit
948 2194 982 2233 ex
1031 2175 1138 2232 bouitas
1159 2179 1320 2241 absolverit,
1341 2193 1395 2233 una
1419 2193 1481 2233 cum
1505 2182 1651 2250 exemplari
1675 2183 1825 2240 litterarum

181 2248 284 2303 litteris
307 2248 389 2316 biijus
441 2248 553 2313 odieis;
578 2257 636 2303 tum
667 2248 849 2303 ilonianurum
878 2248 982 2319 aliquot
1031 2248 1137 2313 quasei
1156 2248 1298 2310 dederitis,
1313 2263 1363 2319 iios
1376 2249 1505 2303 certiores
1524 2253 1641 2316 reddite,
1659 2262 1690 2308 ut
1709 2255 1827 2311 sciamus

180 2320 338 2373 temeritate
350 2318 513 2389 compulsus,
537 2319 696 2388 patriciatus
713 2316 803 2372 Caroli
824 2317 980 2386 dignitatem
1031 2316 1147 2384 qualiter
1162 2317 1189 2370 in
1207 2318 1343 2372 communi
1362 2319 1506 2373 eoncordia
1524 2335 1650 2391 agamus,
1670 2325 1741 2380 sieut
1755 2326 1828 2381 inter

177 2387 250 2441 init
289 2400 396 2443 usteam
419 2389 578 2453 immutarit,
602 2403 634 2443 ae
656 2387 769 2457 proinde
791 2388 981 2443 aiictoritatein
1030 2399 1081 2440 uos
1097 2394 1126 2441 et
1144 2386 1288 2442 Fulradum
1308 2388 1363 2443 [leo
1379 2387 1521 2442 creabilem
1535 2392 1666 2446 constitit.
1686 2414 1695 2446 i
1712 2395 1751 2450 Ei
1766 2398 1826 2465 qui·

177 2457 220 2513 iili
235 2466 263 2513 et
302 2466 480 2513 amaseam
493 2458 520 2512 iu
531 2458 715 2514 ecclesiastica
726 2456 827 2511 ditione
839 2455 979 2529 delegarit,
1030 2453 1081 2510 bus
1094 2465 1169 2525 patet
1190 2457 1345 2527 pontificem
1359 2466 1424 2512 tunc
1450 2457 1561 2513 latuisse
1574 2462 1738 2533 colloquium
1754 2466 1827 2537 regis

176 2537 241 2592 aut,
255 2528 278 2584 si
293 2529 392 2593 ruanis
405 2531 590 2583 concesserit:
612 2526 733 2597 predicti
755 2538 881 2581 auctores
895 2529 982 2583 ambi·
1030 2538 1092 2578 cuni
1106 2525 1202 2596 legato,
1221 2526 1375 2595 laetamque
1394 2527 1457 2582 liuic
1469 2536 1630 2597 potestatem
1645 2535 1777 2598 abeundi,
1792 2552 1826 2591 ac

175 2599 244 2667 guis
254 2599 432 2667 antiquorum
448 2599 622 2662 testimoniis,
644 2598 754 2666 suisque
776 2598 981 2653 commentatio-
1030 2608 1188 2664 responsum
1201 2597 1227 2651 ei
1241 2597 1333 2652 datum
1347 2597 1382 2651 ad
1393 2597 1613 2668 copronymum:
1630 2618 1690 2672 qum
1705 2618 1739 2659 ne
1753 2607 1823 2674 apud

177 2668 264 2722 uilius
279 2668 338 2751 σή
357 2668 515 2737 pontificum
533 2668 716 2723 Romanorum
732 2667 921 2722 auctoritatem
934 2684 981 2723 su·
1028 2663 1203 2720 Anastasimn
1223 2666 1331 2735 quidem
1351 2666 1486 2737 leguntur.
1510 2668 1594 2724 Sectis
1616 2680 1658 2726 est
1680 2674 1714 2727 de
1734 2673 1824 2745 Pippi·

177 2751 306 2805 premam
325 2754 353 2792 ιιι
379 2737 546 2806 imperialem
568 2744 686 2801 vertunt,
708 2745 736 2792 et
759 2735 909 2819 delegatam
931 2753 979 2794 sen
1029 2734 1417 2816 pinnaedonationiciuitatum
1430 2739 1601 2805 possessione
1614 2756 1663 2809 per
1677 2743 1823 2798 Fulrauum

178 2821 342 2862 concessam
356 2806 521 2876 imperialem
535 2806 611 2877 (exce
631 2818 658 2861 to
669 2805 762 2877 Pugio.
782 2821 827 2875 qui
840 2807 979 2863 decadem
1030 2813 1110 2872 inita;
1127 2806 1264 2860 nonenim
1278 2806 1386 2860 donatio
1404 2806 1470 2875 ipsa,
1483 2816 1513 2861 ut
1526 2807 1595 2864 ialso
1606 2812 1732 2876 creditur,
1751 2816 1822 2883 apud

178 2885 260 2931 reete
271 2876 365 2946 sentit)
380 2879 407 2930 iii
420 2872 594 2946 pontificiam.
609 2823 644 2931 Kt
664 2877 697 2932 de
714 2877 755 2931 his
766 2874 907 2931 dicendum
927 2882 980 2933 erit
1028 2873 1202 2929 Anastasium
1217 2885 1375 2940 enarratum
1397 2877 1498 2932 seriem
1514 2884 1617 2934 tanturn
1636 2880 1758 2938 civitates
1780 2900 1823 2938 re

176 2947 218 3001 ad
232 2945 338 3002 litteras
353 2948 451 3002 Leonis
467 2946 510 3011 ιιι,
524 2963 585 3017 quse
597 2946 703 3002 Codids
716 2945 834 3001 dirotini
851 2946 980 3017 epistolas
1028 2955 1174 2999 censentur
1185 2960 1298 3014 quarum
1313 2944 1401 3000 claves
1414 2946 1573 3016 obsidesque
1586 2950 1613 3004 iii
1629 2950 1728 3007 Urbem
1744 2968 1823 3007 rene·

176 3018 313 3071 contiuuo
326 3025 481 3099 sequentur.
504 3017 580 3072 Nunc
601 3016 635 3071 de
660 3016 720 3071 istis
741 3032 801 3084 quae
825 3031 979 3085 supremam
1028 3021 1101 3067 runt.
1125 3015 1163 3070 lie
1179 3016 1323 3070 donatione
1341 3015 1413 3069 enini
1430 3016 1533 3086 integra
1549 3034 1610 3073 eum
1626 3022 1698 3090 regin
1716 3022 1822 3093 Pippini

177 3098 290 3141 sanctae
313 3088 383 3149 sedis
401 3094 561 3155 potestatem
583 3095 638 3141 ιιιιι
658 3086 800 3156 perspicue
820 3094 924 3156 ponuiu
943 3087 979 3141 ob
1028 3093 1055 3136 et
1068 3084 1184 3139 siliarum
1200 3085 1397 3153 subscriptione
1410 3087 1466 3140 ait:
1485 3104 1495 3135 ι
1514 3086 1716 3160 Qumetusque
1729 3094 1822 3148 hacte-

175 3156 299 3222 oculos;
315 3167 344 3211 ui
357 3170 451 3211 onmes
468 3157 576 3212 iltomm
589 3164 703 3211 conatus
722 3155 886 3211 eludantur
924 3171 1013 3251 raa-c
1029 3169 1080 3208 uus
1096 3156 1122 3209 iii
1138 3155 1246 3209 aielrivo
1260 3162 1360 3210 sancta
1375 3165 1474 3210 naara
1489 3158 1610 3217 ecclesie
1628 3162 1763 3216 ieeoiidtia
1781 3170 1822 3217 te

176 3225 263 3295 cipue
279 3237 352 3295 patet
371 3241 406 3280 ex
424 3237 560 3296 postrema
575 3225 705 3295 Stephani
730 3225 751 3279 ti
772 3224 883 3294 epistola
898 3170 975 3297 ὣιιι.
1029 3232 1117 3278 netur.
1136 3244 1145 3276 i
1162 3225 1284 3293 Cumque
1295 3225 1390 3279 borum
1403 3225 1522 3279 oninium
1537 3230 1654 3298 cognitio
1667 3234 1819 3286 necessaria

176 3294 248 3349 Gar.
266 3296 310 3359 ιι,
328 3297 363 3349 al.
384 3296 423 3365 8),
450 3312 510 3365 quai
529 3312 581 3351 una
598 3296 762 3364 exploranda
775 3304 889 3361 -aestat3
913 3309 977 3348 nam
1028 3292 1063 3346 sit
1077 3295 1110 3348 ad
1124 3296 1265 3349 tenendam
1280 3294 1358 3362 buiris
1369 3295 1489 3362 epistolae
1501 3301 1670 3366 sententiam,
1683 3301 1819 3355 anastasii

175 3366 258 3433 quod
269 3366 304 3419 de
314 3381 362 3421 ser
370 3368 506 3435 prioribus
520 3365 739 3435 praemonendum
753 3375 822 3428 erat,
832 3363 890 3432 jam
901 3364 976 3419 diiii:
1027 3362 1115 3415 locuni
1129 3364 1173 3417 bic
1185 3378 1305 3434 pmmaiii
1317 3379 1351 3419 ex
1363 3365 1462 3418 celebri
1475 3364 1641 3423 Famesiano
1652 3370 1753 3434 codiee,
1770 3386 1820 3441 per

200 3450 245 3489 uae
257 3443 347 3489 autem
367 3437 420 3490 divi
442 3435 513 3491 Petri
536 3435 645 3490 noniine
665 3435 815 3504 conscripta
832 3434 884 3488 luit
898 3431 976 3504 (Coa.
1026 3433 1120 3486 cariem
1143 3432 1199 3487 iere
1220 3442 1340 3502 tempora
1361 3442 1481 3497 examto,
1502 3436 1607 3504 qualem
1628 3447 1752 3494 accurate
1772 3442 1820 3495 de-

204 3521 248 3557 ni.
265 3505 309 3570 id,
320 3506 355 3558 al.
369 3504 398 3575 5)
413 3521 485 3560 anno
506 3504 567 3570 755,
587 3505 707 3573 eiusdem
729 3504 869 3560 sententiae
889 3512 932 3560 est
945 3519 978 3559 ac
1027 3503 1134 3569 scripsit
1148 3503 1185 3556 ill.
1205 3503 1391 3566 blanchinius,
1408 3504 1492 3557 tonna
1513 3507 1569 3574 ipsa
1585 3506 1749 3563 characteris
1761 3525 1820 3564 scr-

175 3574 244 3628 dure
260 3574 444 3643 precedentes
464 3575 656 3631 dishabaida
678 3585 814 3656 postrema
826 3590 899 3635 iero,
915 3574 977 3628 data
1027 3572 1290 3641 parsimoniam.
1308 3573 1342 3635 ll,
1360 3573 1516 3644 pagurii).
1537 3575 1565 3628 hi
1582 3576 1641 3630 Vita
1658 3577 1740 3647 igitur
1757 3579 1818 3633 Sto-

175 3644 309 3713 sequenti
331 3659 400 3699 anuo
418 3644 480 3709 rat,
500 3654 527 3698 ct
548 3647 581 3700 de
605 3647 689 3715 priori
704 3644 848 3699 donatione
870 3642 975 3724 Pippini
1025 3642 1106 3710 pbani
1126 3641 1146 3696 ll
1166 3644 1251 3712 (sect.
1269 3642 1323 3695 252
1339 3642 1432 3712 seqq.)
1452 3642 1509 3698 laec
1528 3658 1658 3715 perquam
1675 3647 1818 3718 dihgenter

175 3714 486 3839 cuodmuatagnoraque
506 3724 631 3784 suscepta
652 3713 830 3784 expeditione)
845 3726 976 3768 acerrime
1025 3718 1207 3765 eiiarrantui:
1777 3722 1780 3728 ·

175 3782 329 3846 vindicata,
371 3800 501 3839 saeorum
515 3785 688 3866 petitionibus
713 3785 846 3852 susdeque
865 3783 975 3848 habitis,
1061 3779 1129 3834 itit.
1152 3781 1214 3835 «Et
1231 3781 1318 3835 denuo
1335 3778 1494 3836 conuimaio
1510 3782 1637 3839 interiore
1655 3793 1748 3854 pacto,
1769 3789 1817 3857 qui

175 3862 208 3906 et
218 3854 254 3907 de
269 3854 387 3907 omnium
399 3854 455 3909 lere
469 3855 575 3908 urbium
587 3854 749 3910 exarchatus
769 3853 976 3934 Pentapolisque
1024 3863 1073 3918 per
1083 3850 1201 3918 elapsam
1213 3852 1337 3931 octabam
1349 3848 1520 3929 indictionem
1535 3852 1606 3905 inter
1618 3862 1708 3921 partes
1721 3871 1818 3925 piore-

175 3924 298 3977 solemui
320 3924 487 3992 possessione
500 3924 565 3978 inita
579 3932 633 3978 tani
646 3923 976 3980 dilucidusacdistiiicus
1025 3925 1118 3982 uerat,
1141 3920 1258 3974 restituit
1279 3933 1351 3987 ipsas
1367 3917 1487 3998 piciatas
1509 3920 1647 3985 civitates,
1668 3923 1768 3981 addens
1789 3935 1817 3981 ei

175 3992 301 4047 liabetur
321 4009 419 4060 sermo,
433 4004 463 4049 ut
481 3992 539 4062 ejus
558 3994 724 4065 impugnatio
740 3995 837 4056 audax,
854 3992 908 4050 iino
922 3992 976 4047 iiii·
1025 3998 1144 4043 castrum
1162 3990 1234 4059 quod
1252 3996 1456 4058 cognominatur
1469 3988 1644 4044 Cniiiiaclum.
1665 3991 1704 4046 tte
1717 3996 1818 4064 quihus

173 4063 289 4132 poderis
300 4063 389 4118 iconii
403 4065 499 4136 possit.
1024 4059 1149 4113 omnihus
1169 4058 1284 4128 receptis
1303 4058 1456 4113 civitatibus
1475 4059 1645 4114 donationem
1666 4062 1694 4115 iii
1709 4065 1818 4135 scriptis

212 4131 277 4186 xit.
290 4131 434 4202 Postquain
450 4134 534 4189 audiit
546 4132 731 4203 Cupronymus
744 4130 891 4187 dei‘ictosa
911 4144 975 4202 rege
1024 4128 1104 4208 beato
1115 4128 1195 4210 Petro
1216 4139 1297 4197 atque
1311 4137 1403 4209 sancte
1420 4127 1540 4208 humane
1552 4129 1685 4197 Ecclesia,
1698 4133 1739 4188 iel
1753 4151 1815 4189 oin-

174 4202 349 4263 ?rancoium
369 4203 567 4274 Langobardos,
581 4201 974 4272 oiniiesqueciritatesetloca
1024 4199 1104 4253 nibus
1115 4214 1142 4252 iii
1188 4212 1312 4268 rpetunm
1325 4199 1652 4267 pontilicibusapostolice
1666 4203 1737 4258 sedis
1748 4206 1817 4260 emi-

172 4288 242 4342 quae
261 4269 329 4338 juris
341 4272 496 4329 Graecorum
509 4281 587 4328 crant
609 4282 672 4327 aiite
692 4287 778 4327 annos
796 4279 921 4342 quatuor,
942 4287 975 4327 ac
1024 4268 1060 4322 sit
1073 4269 1146 4337 possi
1182 4272 1264 4333 udas3
1283 4281 1335 4336 que
1349 4274 1376 4321 et
1390 4281 1474 4336 usque
1487 4268 1542 4339 66
1556 4278 1666 4325 actenus
1679 4272 1705 4326 iii
1718 4274 1818 4330 achibo

173 4358 228 4412 per
253 4343 396 4408 exarchos,
410 4352 545 4413 utcunque
562 4343 642 4399 dubia
661 4340 821 4412 populorum
837 4340 898 4406 lide,
912 4341 977 4396 reti·
1025 4347 1117 4392 sancte
1137 4348 1229 4392 nostre
1248 4336 1371 4418 ecclesie¹
1384 4338 1521 4393 recondite
1545 4347 1660 4393 tenetur.
1684 4340 1725 4396 bd
1746 4345 1816 4398 reci-

174 4413 327 4479 munatii,
338 4413 460 4468 Romanii
469 4413 590 4483 pontifici
601 4428 617 4466 a
627 4428 689 4483 rege
701 4412 803 4467 uictore
815 4411 877 4465 data
892 4425 973 4477 esse,
1025 4408 1136 4477 piendas
1151 4423 1216 4463 veru
1233 4408 1304 4477 ipsas
1320 4416 1443 4462 ciuitates
1460 4408 1533 4461 misit
1547 4409 1604 4478 ipse
1618 4410 1817 4472 christianissi-

174 4486 338 4552 postquam,
361 4483 481 4565 inquam,
503 4484 561 4539 haec
582 4484 665 4537 audiit
685 4481 790 4550 Coproii
811 4495 879 4542 mus,
894 4480 975 4535 nullis
1025 4492 1086 4532 nius
1096 4477 1262 4533 Freincoruiu
1274 4492 1319 4532 ιιι
1334 4491 1411 4532 suum
1425 4478 1618 4540 consiliarium,
1634 4480 1712 4536 idest
1721 4482 1817 4537 Fidia-

174 4552 467 4622 priratiseirercitiiius,
485 4563 514 4607 nt
524 4567 631 4623 :equum
645 4559 714 4616 erat,
732 4552 778 4606 sed
791 4496 886 4618 fageus
901 4560 973 4605 tauta
988 4537 1088 4601 Dduni
1101 4563 1161 4602 ieri.
1180 4548 1303 4602 abbatem
1319 4555 1347 4601 et
1364 4547 1551 4627 presbyterum
1564 4548 1686 4605 absolsit.
1701 4552 1735 4607 tii
1750 4568 1816 4608 con-

175 4623 380 4688 reeommissa,
393 4622 509 4695 Georgio
522 4629 711 4693 protosecretae
724 4632 752 4675 et
767 4618 865 4675 loanni
887 4618 974 4675 Silen-
1025 4617 1100 4672 tinuo
1120 4617 1179 4685 ejus
1198 4618 1339 4697 eximietas
1358 4616 1473 4671 feliciter
1493 4632 1554 4672 cuni
1576 4619 1633 4673 sois
1651 4623 1818 4679 exercitibus

175 4692 272 4756 tiario,
287 4691 456 4761 ejuseiiitum
470 4703 638 4762 exspectaris,
658 4693 686 4746 iii
699 4690 836 4761 impietate
848 4689 975 4745 audacior
1024 4685 1166 4741 Franciam
1179 4687 1342 4756 reppedavit.
1358 4685 1563 4741 Preuominatus
1578 4697 1668 4743 autem
1684 4690 1818 4748 Folradus

175 4772 269 4832 patre,
290 4763 317 4818 iu
336 4763 488 4819 necessario
502 4778 638 4818 armorum
655 4777 706 4817 usu
723 4761 841 4815 maxime
852 4759 972 4814 omnium
1024 4771 1086 4835 yen.
1102 4757 1164 4810 abb.
1180 4765 1207 4811 et
1222 4758 1296 4825 prbr.
1313 4755 1528 4834 Raheiinantiuni
1542 4765 1706 4826 partescum
1725 4762 1818 4819 missis

176 4836 270 4897 deses,
284 4835 410 4889 manebat
428 4833 605 4889 Curistautiiio
623 4831 668 4887 oli·
687 4831 780 4902 Legati
792 4829 903 4884 ueniunt
916 4828 973 4899 pri·
1020 4840 1077 4895 iani
1093 4825 1139 4879 lati
1150 4825 1256 4880 distulil
1271 4826 1343 4895 regis
1355 4839 1529 4896 coniungens,
1543 4835 1570 4880 et
1583 4829 1760 4899 persingulas
1774 4833 1816 4886 iii·

175 4917 258 4957 mum
271 4903 396 4968 Romam,
416 4904 461 4958 ulii
476 4904 509 4958 de
521 4918 588 4959 noia
606 4848 715 4972 {lippini
738 4899 906 4969 expeditione
926 4914 974 4953 au·
1024 4896 1148 4978 grediens
1160 4896 1284 4977 ciuitates
1296 4904 1350 4949 tani
1366 4893 1543 4965 Pentapoleos
1555 4905 1583 4950 et
1595 4897 1700 4964 Emilie,
1715 4915 1817 4972 easque

174 4972 287 5027 munta
336 4974 436 5041 utiliee,
455 4974 538 5043 qnia
590 4974 670 5027 tolica
688 4971 771 5027 misso
793 4970 826 5023 iis
846 4967 974 5037 adjuncto
1024 4967 1156 5034 recipiens
1177 4975 1205 5021 et
1226 4967 1333 5021 obsides
1358 4980 1408 5033 per
1431 4979 1647 5035 unamquamque
1670 4970 1812 5037 auterens,

174 5043 287 5098 ahiree
327 5059 418 5099 reem
439 5044 513 5099 sinit.
563 5045 603 5097 ari
619 5041 762 5097 hlassiliam
784 5039 910 5095 omisime
927 5053 974 5109 ap-
1024 5036 1234 5105 aqueprimatos
1247 5034 1578 5091 secumuiiacuinclaics
1589 5045 1729 5119 portarum
1747 5040 1815 5095 eiii·

174 5112 322 5182 pellentes,
366 5130 509 5169 raucorum
527 5108 675 5239 caespitum
690 5110 901 5182 Laiigobardiam
916 5108 972 5176 jam
1025 5113 1110 5160 tatum
1126 5105 1249 5178 deserens
1272 5104 1385 5161 Romani
1407 5104 1554 5173 coiijiinsit.
1577 5106 1611 5160 Lt
1631 5122 1703 5178 ipsas
1723 5109 1812 5166 clulies

585 5202 592 5236 i

175 5192 274 5239 tenere
292 5184 469 5254 comperiunt.
489 5184 583 5251 Quam(
612 5199 667 5238 reni
688 5182 751 5252 quid
772 5179 875 5236 consilii
894 5194 974 5248 eape-
1024 5183 1079 5230 tani
1091 5174 1308 5231 Rabannaiitium
1322 5175 1406 5238 urbis,
1420 5188 1526 5244 quaque
1538 5175 1704 5232 airammum
1718 5179 1814 5234 cibita-

177 5263 242 5309 reut
251 5255 347 5319 isescii,
360 5255 470 5310 missum
480 5254 655 5324 apostolicum
666 5253 785 5309 detinere
796 5250 851 5306 illic
859 5248 974 5304 moliun-
1023 5254 1081 5300 tuin
1101 5245 1183 5315 ipsius
1201 5246 1416 5300 llahennautiuiu
1430 5246 1591 5301 exarchatus
1611 5263 1664 5301 uiia
1684 5262 1746 5302 cum
1767 5264 1810 5303 su-

176 5331 238 5386 ιιι,
251 5325 325 5395 quod
345 5323 456 5378 minime
478 5325 559 5379 cessit
577 5340 610 5379 ex
627 5333 708 5378 roto:
726 5322 749 5376 is
769 5322 841 5375 ciiim
861 5334 973 5389 pergere
1023 5317 1172 5386 prasci-ipra
1191 5316 1335 5371 donatione
1353 5315 1444 5370 decis
1462 5333 1477 5369 a
1497 5332 1547 5370 suo
1568 5331 1630 5384 rege
1648 5317 1762 5381 emissa,
1785 5319 1814 5378 in

176 5409 235 5463 quo
246 5402 368 5465 ceperat
382 5395 492 5449 omnino
506 5395 599 5449 votuit.
619 5393 696 5461 Quod
710 5392 795 5455 licuit,
808 5407 841 5446 cs
854 5390 886 5445 iis
903 5405 973 5446 unus
1023 5385 1192 5466 oppressione
1203 5387 1273 5441 beati
1286 5385 1357 5467 Petsi
1370 5400 1473 5454 ponens
1486 5386 1571 5440 eidem
1590 5386 1638 5439 bei
1649 5390 1775 5466 apostolo
1788 5403 1815 5448 ei

176 5480 242 5520 euin
264 5466 414 5536 preteriit,
439 5464 635 5534 Pippiiiumque
653 5478 735 5534 prope
758 5460 881 5515 Ticinum
899 5475 973 5515 asse-
1022 5470 1081 5523 eius
1101 5456 1202 5537 vicario
1222 5465 1392 5537 sattcltsstuto
1411 5470 1479 5525 pape
1501 5456 1587 5534 adque
1607 5463 1735 5539 cirinthus
1755 5462 1813 5535 ejus

176 5543 270 5602 cattum
282 5537 408 5605 precibus
423 5550 455 5591 ac
476 5551 616 5589 iiiunerum
640 5534 784 5604 sponsione
799 5546 859 5585 euin
878 5545 973 5600 aggre-
1022 5527 1222 5607 successoribus
1233 5526 1404 5606 pontificibus
1416 5534 1569 5605 perenniter
1579 5530 1757 5594 possidendas
1768 5536 1812 5588 ad·

176 5604 269 5659 ditur:
283 5624 293 5655 ι
312 5614 344 5660 ut
359 5605 544 5660 {lavennatuin
558 5606 661 5665 urbem,
676 5604 717 5658 vei
727 5611 839 5659 caeteras
852 5598 971 5668 ejusdem
1023 5611 1075 5666 que
1088 5595 1267 5662 disponendas
1280 5594 1390 5649 tradidit
1404 5611 1411 5646 ε
1427 5597 1507 5674 idest
1523 5594 1664 5665 llauenna,
1678 5600 1814 5673 annino,

177 5677 342 5731 exarchatus
367 5675 491 5730 civitates
515 5683 543 5730 et
569 5683 658 5730 eastra
687 5671 819 5742 imperiali
852 5670 972 5725 tribuens
1023 5665 1167 5727 Pensaurn
1189 5663 1288 5728 Coiica,
1311 5661 1538 5745 Faiiuncesinas.
1560 5665 1720 5739 sinogalias,
1741 5673 1815 5739 Esis,

176 5745 456 5802 mmuedmetditioiii.
476 5766 485 5797 i
502 5745 667 5815 Responsum
684 5744 755 5815 regis
776 5755 971 5811 spemoiunem
1023 5734 1224 5803 forumpopuli,
1249 5734 1348 5788 Forum
1370 5731 1457 5797 0hiii,
1481 5749 1546 5790 cuni
1558 5747 1648 5794 castro
1670 5739 1814 5809 Sussuhin,

179 5816 290 5884 saeuit,
309 5831 368 5889 prm
380 5816 440 5872 aliis
460 5816 487 5873 id
503 5815 678 5887 jurajuranda
698 5811 856 5870 athrmantis
873 5830 881 5862 i
899 5811 969 5880 qnod
1023 5803 1216 5872 ltcntetcretri,
1235 5803 1388 5872 hocrragiu,
1407 5802 1591 5878 liutitelocati,
1605 5809 1696 5873 Serra,
1711 5811 1810 5868 uastat
