4050 6192
337 652 344 663 .
530 515 616 629 n.
654 512 997 629 canora
1032 515 1345 631 meur

836 726 1073 788 minutionis

418 919 789 1081 CODICIS
857 915 1478 1079 DIPLOMATICI

1335 1166 1340 1197 l

661 1237 663 1241 ’
717 1206 911 1283 seculo
942 1207 1166 1287 munte.

184 1405 638 1525 MONUMENTA
679 1408 1203 1525 DOMINATIONIS
1248 1407 1713 1551 PONTIFICIAE,

905 1630 982 1689 stvb

561 1808 822 1941 cubuit
867 1807 1339 1950 CAROLINUS.

767 2117 853 2176 (iuxta
865 2117 950 2168 Cennil
963 2114 1120 2167 noluemus

741 2249 1175 2287 w

686 2379 891 2495 eatstan
926 2375 1214 2477 dedicatoria.

645 2693 853 2736 ΕΙΙΝΕΝΤΙῧΒΙΙΟ
871 2694 904 2735 tc
922 2692 1151 2734 utbnunntssttto
1167 2694 1267 2735 noaino

547 2826 594 2902 b.
636 2820 958 2901 uoltluico
996 2818 1348 2903 passioneo

24 2986 26 3005 ἱ
129 3013 158 3058 8.
181 3011 214 3053 tt.
237 3011 267 3053 B·
286 3005 437 3053 PBESBYT.
459 3002 575 3047 clunn-
597 2997 706 3044 PRIORI
726 2996 791 3040 TIT.
807 2995 834 3040 S·
850 2994 1022 3038 munuum
1044 2994 1077 3040 ttt
1097 2995 1225 3053 noctua,
1247 2998 1335 3045 subis
1355 2999 1466 3047 APOST·
1488 2989 1768 3071 nientornnctnto,

601 3075 712 3124 Slffllw
733 3072 895 3120 PONTIFICI
917 3075 935 3118 Δ
958 3073 1102 3120 ΜΠΕΜῦ
1123 3075 1290 3122 nuntiatis.

1049 3151 1062 3174 Ο

167 3334 351 3391 mnarum
366 3323 527 3397 pontificum
541 3320 639 3378 littere
653 3317 689 3374 ad
701 3316 869 3375 Francorum
886 3332 965 3390 reges
979 3317 1122 3388 Pippinunr
1141 3322 1169 3370 et
1188 3316 1314 3374 Carnium
1332 3319 1459 3391 llagnntn
1479 3319 1513 3376 de
1533 3320 1659 3379 maximis
1679 3324 1769 3385 incre.

125 3402 232 3463 mentis
248 3413 308 3469 quae
324 3396 479 3466 apostolicae
497 3393 569 3449 sedis
587 3388 735 3445 dominatui
758 3404 807 3461 per
829 3389 940 3445 eosdem
963 3402 1113 3452 accessere,
1137 3393 1165 3439 et
1189 3384 1323 3458 Rudolpbi
1346 3390 1418 3460 regis
1441 3387 1625 3448 Romanorum
1649 3396 1770 3466 epistolar

24 3498 28 3525 i
125 3478 163 3533 de
181 3468 356 3541 imperatoria
373 3464 516 3535 majestate
531 3460 699 3529 Romanique
717 3459 824 3529 imperii
841 3458 986 3529 praecipuis
1002 3459 1094 3519 rebus,
1113 3456 1220 3512 demum
1240 3459 1385 3529 aliquando
1422 3459 1536 3516 redeam
1553 3462 1579 3517 in
1599 3460 1697 3531 lucem,
1717 3468 1770 3525 bo

24 3536 25 3567 l
125 3557 223 3602 urnrcn
241 3552 401 3595 manasseas
423 3544 638 3593 numeraremus,
659 3539 685 3584 te
703 3538 851 3593 assertore,
875 3538 902 3586 te
918 3536 1049 3608 patrono.
1073 3526 1135 3580 illas
1151 3526 1266 3609 ,quidem
1286 3530 1321 3586 ab
1341 3475 1471 3587 uocssste
1491 3531 1635 3587 Annalium
1659 3547 1771 3605 parente

124 3614 225 3671 turadia
235 3620 346 3677 nmque
359 3605 489 3662 inutiliter
500 3601 667 3672 conquisitas
676 3597 821 3655 Gretserus
829 3608 891 3668 post
901 3612 961 3667 eius
971 3604 1087 3652 morum
1104 3604 1205 3653 emisit.
1219 3598 1292 3666 Quas
1302 3615 1367 3655 tero
1378 3598 1486 3656 enisitt
1500 3616 1598 3672 nempe
1617 3607 1770 3676 exscriptas

125 3683 310 3755 angligenam,
323 3678 437 3732 licenter
449 3673 615 3735 emendatas,
630 3670 810 3740 inopportune
821 3677 953 3738 ennepius,
967 3681 1023 3723 uno
1038 3667 1121 3722 uerbo
1136 3665 1203 3721 alias
1220 3669 1254 3725 ab
1270 3672 1440 3743 autographo
1458 3670 1669 3741 vindobonensi,
1683 3677 1769 3735 siren

124 3754 230 3811 Codice
249 3748 297 3804 illo
312 3746 438 3816 genuino,
457 3744 502 3813 qui
520 3742 554 3797 ab
573 3748 684 3796 auctore
700 3736 799 3794 Caroln
816 3738 912 3809 llagno
931 3752 1031 3792 nomen
1053 3744 1204 3800 mutuatus,
1217 3736 1361 3796 Carolinus
1380 3751 1561 3811 nuncupatur.
1588 3742 1769 3810 Quamobrem

24 3820 28 3847 ⁶
125 3820 292 3880 lammcius
303 3816 412 3873 easdem
423 3813 588 3884 improbatas
599 3825 632 3865 ae
642 3807 827 3864 semirefectas
837 3807 974 3864 conimisit
984 3806 1069 3877 prelo,
1081 3808 1187 3861 morosi
1199 3808 1286 3862 labori
1299 3811 1462 3865 immortuus
1475 3826 1528 3866 non
1540 3811 1670 3881 irrigarit.
1678 3816 1770 3873 lertio

124 3896 239 3950 demum
256 3903 291 3944 ex
305 3884 472 3956 autographo
489 3889 624 3964 arreptas,
643 3878 818 3948 numerisque
831 3876 1124 4000 omnibus-absolutas,
1142 3890 1158 3930 a
1175 3876 1321 3960 Gentiloto,
1339 3879 1387 3961 qui
1404 3880 1542 3936 lambecii
1562 3896 1656 3940 curem
1679 3888 1770 3944 minus

26 4038 29 4053 ·
124 3952 666 4099 raunmt‘itltdffledtlt
688 3946 1770 4093 tanimundi-luditetalditldatdtdmtdli

26 4096 29 4141 :
127 4111 337 4157 earnrnrrssnrr
355 4107 522 4156 enauimus,
538 4092 584 4161 qui
598 4089 661 4145 alibi
679 4088 753 4142 viros
766 4088 905 4170 principes
920 4087 1106 4169 litteratusque
1123 4100 1218 4169 omncs
1228 4087 1369 4157 'praeclaris
1386 4089 1487 4146 excelsi
1503 4090 1586 4145 animi
1602 4092 1642 4147 tui
1659 4094 1769 4153 dotibus

26 4172 30 4189 '
125 4172 181 4228 tibi
197 4168 367 4230 devinxeras,
383 4164 494 4218 Viennae
506 4162 621 4233 matiam
634 4157 750 4214 Caesaris
765 4158 861 4214 iniisti.
890 4157 980 4225 Quare
996 4172 1117 4213 nmmum
1133 4158 1259 4213 ordinum
1272 4168 1393 4229 angustae
1411 4159 1484 4215 illius
1499 4161 1571 4217 sedis
1585 4159 1769 4222 familiaritate

123 4251 221 4303 utens,
232 4252 288 4292 non
297 4235 378 4290 medo
386 4242 499 4288 eventus
511 4245 604 4287 omnes
617 4228 735 4285 Carolini
747 4227 855 4284 Codicis
864 4228 978 4293 discere,
989 4227 1036 4283 sed
1050 4227 1186 4283 Lambeeii
1199 4237 1226 4284 et
1236 4227 1366 4284 Gentiloti
1377 4240 1491 4287 conatus
1502 4229 1616 4288 solerter
1629 4236 1770 4305 expeditos

27 4308 31 4349 i
127 4307 275 4377 coirsequi,
301 4305 373 4374 quod
400 4315 466 4358 sane
488 4316 616 4372 magnum
638 4315 671 4355 ao
693 4298 828 4368 singulare
850 4306 909 4364 est,
973 4298 1057 4353 tuisti.
1083 4296 1215 4367 lindolpbi
1240 4314 1305 4354 rere
1331 4300 1460 4369 epistolas
1483 4317 1499 4356 a
1524 4301 1649 4373 Seyirido
1672 4305 1769 4363 abbate

124 4376 311 4449 zweytalensi
330 4372 465 4437 collectas,
485 4370 629 4428 Lambceio
647 4369 838 4438 tacomporras,
862 4370 897 4425 ab
920 4369 981 4423 aiis
1007 4377 1109 4423 temere
1131 4378 1241 4424 uocaus
1264 4370 1292 4424 in
1313 4369 1434 4436 dubiam,
1460 4380 1528 4439 tute,
1553 4373 1581 4428 ia
1608 4378 1770 4434 monasterii

25 4466 31 4481 ·
123 4445 326 4519 zweytalensis
345 4443 488 4499 Tabulario
504 4442 685 4511 deprehensas
701 4453 860 4509 summaque
877 4454 940 4495 eum
959 4438 1012 4493 lide
1029 4438 1180 4508 descriptas
1192 4440 1301 4494 ‘Vienna
1325 4440 1353 4493 in
1380 4441 1479 4497 Urbem
1503 4443 1588 4498 redux
1614 4451 1703 4500 tecum
1727 4459 1769 4501 at-

124 4520 228 4577 tulisti.
256 4516 406 4585 Utrumque
428 4521 518 4568 autem
541 4511 669 4574 codicem,
694 4518 722 4564 et
745 4510 900 4566 Carolinuna
919 4508 997 4577 juxta
1020 4524 1113 4564 reram
1137 4510 1293 4580 autographi
1320 4510 1536 4570 vindobonensis
1562 4512 1714 4578 lectionem,
1741 4528 1769 4573 ct

26 4608 31 4631 ¹
122 4586 332 4658 liutlolpbiuum
357 4585 496 4647 ineditum,
517 4582 620 4652 insigne
638 4580 739 4635 amoris
757 4581 796 4635 tui
814 4594 845 4636 er
897 4580 1046 4635 itomanam
1063 4579 1211 4634 Ecclesiam
1230 4591 1444 4649 monumentum,
1464 4584 1510 4639 rix
1528 4583 1653 4652 Romam,
1671 4585 1705 4639 ad
1725 4604 1769 4643 re·

122 4675 191 4718 rum
209 4655 340 4728 praeclare
357 4662 494 4726 gestarunt
512 4652 663 4722 praemium,
682 4658 809 4706 evocatus
827 4667 843 4706 e
861 4651 966 4715 idisses,
987 4650 1039 4705 nisi
1057 4649 1174 4704 assiduis
1191 4651 1334 4706 ministerii
1353 4654 1576 4721 occupationibus
1593 4670 1698 4726 magnae
1713 4665 1767 4713 tuae

126 4727 305 4799 cogitationis
321 4735 385 4781 rota
402 4724 533 4780 distinere
550 4721 584 4777 ad
602 4722 674 4776 lianc
691 4736 778 4790 usque
795 4721 866 4777 diem
884 4729 994 4778 coaetus
1010 4735 1095 4775 esses.
1110 4718 1186 4776 Nosti
1214 4722 1285 4776 enim
1308 4721 1420 4790 optime,
1444 4724 1549 4780 dnobus
1575 4724 1651 4780 bisce
1674 4728 1767 4783 cardi-

129 4800 214 4855 nibus
232 4796 359 4854 Ecclesiae
377 4795 529 4850 dominatus
542 4792 583 4848 ori
602 4792 690 4858 inem,¹
708 4793 890 4857 incrementa,
909 4790 1125 4864 perennitatem:
1143 4799 1300 4861 certareque
1318 4792 1450 4856 indolem,
1470 4809 1503 4849 ae
1520 4793 1588 4849 lines
1605 4805 1694 4853 certos
1711 4796 1768 4853 Ro·

127 4868 209 4926 mani
224 4866 329 4938 imperii
345 4864 462 4931 uersari;
493 4864 564 4920 nosti
621 4878 646 4927 c,
663 4861 747 4916 relati
766 4863 800 4917 ad
815 4862 928 4933 Lydium
945 4861 1076 4930 lapidem,
1100 4862 1240 4929 opiniones
1264 4862 1541 4934 liallueiuationesque
1561 4864 1675 4922 alierum
1698 4867 1767 4924 alias

26 4984 30 4993 .
126 4939 271 4994 εᾱιιιοιιιιιι
288 4936 321 4991 iri
336 4935 512 4991 :ardentum
532 4933 612 5000 nosti,
629 4943 655 4988 te
669 4932 797 4988 Romanae
814 4932 941 4988 Ecclesia>
958 4934 1080 5001 adeoque
1096 4932 1169 4988 beati
1187 4931 1259 4988 Petri
1279 4947 1466 4989 successorum
1484 4934 1696 4992 dominationem
1720 4955 1767 4993 su-

127 5023 255 5080 premam
272 5004 366 5062 Romae
381 5006 541 5075 ceterisque
561 5005 590 5060 in
608 5004 665 5059 suis
682 5002 840 5069 ditionibus,
859 5003 893 5059 ab
910 5003 967 5073 ipsa
984 5001 1027 5057 uri
1048 5002 1101 5067 irc,
1120 5005 1191 5073 quod
1209 5003 1341 5059 Baronius
1364 5019 1417 5059 non
1436 5004 1534 5075 potuit,
1558 5014 1634 5061 extra
1656 5023 1766 5063 omnem

128 5079 222 5134 mm
240 5078 400 5147 positurum.
419 5077 459 5131 Ea
476 5084 587 5146 propter
603 5090 655 5137 nte,
676 5073 754 5143 quasi
772 5074 875 5129 socinum
894 5072 995 5129 latioris
1012 5019 1140 5128 adbibere
1159 5090 1212 5128 non
1231 5075 1399 5143 dedignatus,
1419 5085 1450 5130 ut
1468 5076 1522 5130 tole
1540 5084 1699 5147 tantumque
1716 5080 1766 5132 ob-

128 5147 258 5218 sequium
277 5155 376 5202 sanotai
403 5147 461 5203 sedi
488 5161 541 5201 una
564 5154 652 5200 tecum
674 5151 832 5213 praestarem
851 5144 970 5198 voluisti.
995 5143 1051 5214 Ego
1069 5158 1134 5199 vcro
1152 5143 1318 5201 admirabilis
1337 5152 1389 5200 tuae
1408 5145 1508 5200 meritis
1524 5147 1651 5215 praesidio
1667 5148 1764 5213 initus,

127 5228 266 5291 praterea
281 5216 358 5284 eopia
375 5217 593 5273 documentorum
612 5230 646 5270 er
664 5214 838 5270 celeberrima
857 5222 902 5267 tua
919 5213 1081 5269 bibliotheca
1095 5214 1225 5280 miminis,
1240 5231 1336 5285 magara
1355 5231 1416 5271 cum
1434 5216 1574 5272 alacritate
1587 5231 1636 5285 per
1653 5226 1765 5273 scanten-

128 5294 234 5346 tiarum
248 5294 277 5339 et
295 5300 386 5340 rernm
401 5288 553 5343 lmrbariem
572 5284 835 5354 abditapentilicum
849 5291 877 5338 et
896 5298 989 5353 regum
1003 5284 1150 5354 penetralia
1168 5285 1315 5354 ingressus,
1331 5285 1430 5341 nudam
1443 5286 1506 5342 inde
1519 5287 1659 5342 ueritatem
1672 5286 1764 5351 elicui,

128 5360 206 5414 unde
225 5355 321 5411 eruditi
341 5364 492 5412 nostrorum
509 5365 660 5426 temporum
678 5355 834 5423 scripturos,
856 5354 1004 5409 inofficiosa
1021 5353 1141 5409 Gretseri
1157 5353 1276 5410 editione
1296 5354 1366 5420 freti,
1387 5365 1442 5411 tarn
1460 5356 1543 5411 multa
1560 5371 1594 5410 es
1614 5371 1695 5411 seusu
1713 5371 1765 5412 suo

183 5440 292 5482 minere
308 5440 363 5480 non
387 5433 450 5479 suat
470 5428 559 5485 rcriti.
584 5426 690 5493 Quanta
708 5425 772 5479 binc
793 5422 923 5488 accessio,
942 5440 1146 5481 nurunurrssrue
1162 5440 1328 5491 canuaninis,
1344 5427 1460 5499 egregiis
1475 5426 1528 5482 tuis
1546 5425 1670 5481 laudibus
1693 5425 1765 5483 det?

125 5431 225 5555 ἢκ
245 5495 352 5564 quidem
371 5503 447 5551 certe
463 5511 514 5553 nen
530 5497 578 5552 luit
592 5496 721 5566 praeclara
740 5494 784 5548 iila
799 5495 832 5550 de
848 5502 875 5549 tc
886 5494 986 5564 opinio,
1001 5510 1063 5550 enni
1077 5495 1173 5557 Gallia,
1193 5496 1322 5565 Belgium,
1339 5496 1479 5552 Holaaaidia
1491 5494 1629 5552 nullodum
1652 5498 1765 5567 publico

124 5575 235 5628 uncto)
256 5564 327 5620 sotiis
347 5579 459 5620 munere
477 5565 629 5639 frangentem
653 5580 816 5635 snspexcrc;
838 5581 901 5621 euru
915 5566 1040 5621 doctores
1053 5565 1194 5620 Sorbouici
1213 5567 1318 5636 virique
1346 5566 1504 5622 illustriores
1522 5580 1537 5620 e
1556 5569 1766 5638 congregatione

123 5637 219 5698 uncti
240 5635 336 5701 liauri,
355 5650 388 5691 ac
408 5647 464 5702 prm
479 5635 539 5691 aliis
559 5637 726 5694 llebillonius
746 5644 772 5691 et
792 5635 1023 5705 lientelalcoaius,
1039 5638 1177 5693 docentem
1195 5645 1302 5692 atatem
1324 5645 1397 5693 tuam
1410 5636 1631 5704 abalienantur,
1648 5654 1767 5711 eumque

254 5750 392 5811 Parnon.
416 5745 556 5808 xcvttt.
789 5778 791 5781 v
866 5782 888 5811 a
1437 5746 1441 5751 ’
1526 5749 1542 5808 t

24 5908 220 6151 {ui
