4050 6192
244 220 314 277 rota
688 214 720 268 tt.
740 213 866 271 CAROLl
886 210 995 268 trucul
1014 207 1091 267 orb.
1111 207 1202 265 PARS
1220 208 1253 266 ll.
1275 206 1397 265 SECTIO
1414 207 1448 263 11.
1466 231 1471 242 ·
1831 207 1896 265 ibib

243 334 342 406 pretari
365 329 506 402 arripiunt,
528 331 679 390 innitantur,
700 330 751 385 uisi
772 343 834 384 eum
848 329 895 398 qni
912 326 985 397 quod
997 324 1032 380 tle
1046 322 1070 381 Α
1083 321 1283 391 lnssoedlamur.
1309 319 1419 400 dignum
1446 319 1572 375 duximus
1595 327 1625 374 ut
1646 319 1784 390 qualiter
1807 332 1897 380 natta

243 422 357 494 simplici
378 423 438 476 siro
457 420 532 490 jauo
553 420 653 475 dictum
668 428 719 484 cst,
734 420 762 474 in
776 420 924 473 mediatore
945 415 992 470 Dei
1008 422 1036 469 et
1089 410 1209 466 Romana
1226 409 1347 465 Ecclesia
1358 408 1466 466 caeteris
1478 408 1635 465 Ecclesiisa
1651 410 1897 481 nommopratae

245 516 382 580 bominum
399 512 571 583 interpretari
585 521 710 577 conatur,
724 527 786 567 cum
798 510 881 565 dicit:
903 507 1037 582 Scriptum
1077 509 1143 564 ,eta
1165 499 1288 556 bdelibus
1302 500 1468 556 consuenda
1482 500 1528 563 sit,
1541 514 1774 571 prosequamur:
1788 516 1899 572 prescr-

245 617 283 661 est
298 608 367 661 enim
379 622 388 659 :
401 605 532 671 Quoniam
553 599 653 674 augelis
670 605 724 657 suis
738 601 870 656 mundarit
884 599 916 653 dc
928 608 952 653 te
967 608 994 651 at
1009 598 1037 651 iu
1088 592 1137 648 tim
1149 606 1212 646 cum
1224 606 1277 646 nou
1292 592 1327 646 ab
1346 591 1407 646 aliis
1426 590 1575 661 scripturis
1590 590 1642 645 nisi
1658 591 1701 645 ab
1714 590 1762 647 his
1771 607 1844 662 quas
1857 595 1898 649 illa

247 698 366 752 monibus
380 695 473 751 tofioru
486 706 521 762 tc,
537 713 568 749 ue
581 696 647 765 [orte
669 695 788 764 offendor
809 695 844 747 nd
864 692 977 763 lapidem
994 706 1040 761 pe·
1088 685 1159 738 lille?
1169 683 1315 738 canonicas
1326 682 1432 752 recipit,
1448 682 1603 737 lisllsswssla
1614 682 1675 737 llnl
1689 683 1900 748 tumendum

249 790 306 843 dem
315 798 389 842 terrm
401 787 510 858 (Marti.
526 788 575 857 rr).
591 786 625 843 Ut
636 786 708 842 euim
720 786 834 840 validius
844 794 915 840 esset
926 786 968 840 sui
981 793 1040 841 ten-
1089 774 1205 830 dll⁰l1¹¹ss
1223 775 1362 830 d⁰ll⁰f¹¹¹¹¹
1386 774 1438 829 llil
1453 789 1546 832 eorum
1561 773 1638 843 qnia
1655 771 1781 830 Gelssl‘l
1795 775 1839 830 '0¹
1853 792 1889 832 w

249 877 360 946 tanuenti
370 886 567 945 argumentum,
581 875 732 931 dirinomm
744 874 850 944 apicum
861 876 1041 930 traxitexem·
1091 865 1156 920 letis
1173 864 1246 919 lilius
1260 871 1360 920 ⁸³¹¹ssoe
1384 864 1457 919 sedis
1476 861 1652 933 l>⁰¹⁸llss0lb⁰⁸
1677 864 1811 933 fflwflllll
1831 873 1900 928 wll.

248 964 332 1035 plum,
355 978 409 1032 quo
434 963 561 1018 libentius
585 964 777 1018 abhauriretur
801 977 857 1019 suae
882 963 1040 1019 tentationis
1090 955 1216 1024 dogmata
1226 954 1280 1009 Slnl
1289 953 1473 1024 amplectendo
1487 969 1496 1007 ε
1511 968 1562 1010 trec
1571 953 1654 1008 aliter
1663 961 1757 1023 atque
1768 952 1899 1024 alitrrpro

249 1056 384 1127 poculum,
399 1056 421 1110 si
434 1065 588 1110 sanctarum
608 1054 810 1125 seripturarum
825 1056 937 1109 baberet
948 1054 1042 1111 mndi-
1091 1045 1234 1117 cuiuslibet
1254 1044 1378 1110 arbitrio,
1393 1047 1440 1100 sed
1457 1059 1522 1102 sane
1543 1046 1696 1114 sobrieque
1714 1057 1784 1114 que
1804 1045 1839 1099 ab
1851 1045 1900 1099 illis

250 1157 380 1200 ruentum.
398 1144 490 1198 auam
508 1145 531 1198 si
547 1144 573 1199 iu
588 1143 799 1213 interpretandis
813 1143 960 1214 scripturis
981 1143 1043 1198 imi·
1092 1139 1163 1195 dieta
1178 1145 1250 1202 sunt,
1264 1139 1318 1193 sint
1335 1137 1518 1209 intelligenda.
1537 1137 1583 1192 atr
1602 1137 1680 1191 euim
1695 1138 1801 1192 beatus
1814 1135 1899 1207 Aegre

250 1235 450 1298 tunduscstet
464 1236 490 1289 in
511 1235 650 1290 fallacibus
670 1239 846 1291 tentamentis
865 1235 1040 1305 sequendus:
1092 1233 1179 1289 stinus
1202 1247 1263 1288 cum
1286 1231 1448 1295 institueret,
1466 1246 1528 1300 quse
1544 1232 1694 1302 scripturae
1718 1236 1822 1286 essent
1839 1232 1900 1286 reri·

249 1332 278 1380 et
290 1326 312 1380 si
334 1326 361 1380 in
386 1325 527 1381 fallacibus
543 1327 717 1381 tentamentis
732 1327 886 1396 sequendos
905 1336 956 1388 est,
971 1334 998 1381 et
1015 1326 1043 1380 in
1092 1324 1196 1396 plenta
1214 1324 1255 1378 vel
1268 1323 1384 1393 qualiter
1402 1322 1605 1393 intelligentur:
1624 1341 1633 1373 r
1651 1322 1721 1377 Erit
1734 1322 1824 1393 igitur
1835 1321 1898 1377 diri·

250 1415 359 1471 ceteris
377 1416 499 1470 moribus
512 1415 735 1484 amplectendus:
750 1432 803 1470 non
816 1425 907 1472 autem
921 1416 947 1471 in
963 1425 1044 1471 cete
1093 1428 1190 1470 narum
1217 1412 1419 1484 Scripturarum
1447 1410 1641 1467 solertissimus
1674 1410 1831 1483 indagator
1856 1409 1898 1481 qui

252 1507 291 1561 ris
304 1506 425 1562 moribus
434 1505 635 1575 amplectendos
647 1515 699 1572 est,
710 1522 763 1562 non
776 1507 857 1578 igitur
868 1507 896 1561 in
909 1508 1043 1577 interpre-
1093 1507 1181 1577 primo
1196 1513 1269 1560 totas
1287 1504 1384 1574 legerit
1396 1513 1528 1574 notasque
1544 1503 1673 1559 babuerit
1689 1502 1898 1573 Scripturas‚et
1985 1483 1986 1498 ¹

253 1593 670 1667 tandisScripturisimitandus.
692 1598 737 1653 ait
751 1599 824 1654 euim
837 1598 1043 1654 beatuslliero-
1095 1598 1120 1653 si
1142 1591 1412 1652 nundumint'ellectu
1438 1592 1496 1664 jam
1511 1602 1600 1650 umen
1614 1594 1759 1660 lectione,
1774 1597 1898 1650 duruerat
1985 1651 1986 1660 ,

253 1700 358 1756 rrymrts,
376 1703 386 1736 r
403 1686 471 1742 llale
495 1687 618 1742 dialnlus
636 1687 791 1759 Scripturas
814 1690 1017 1767 interpretatur.
1033 1708 1042 1741 r
1062 1669 1144 1744 lleas
1156 1703 1216 1759 quae
1226 1686 1395 1757 appellantur
1407 1684 1554 1741 canonicae.
1566 1682 1634 1739 Nam
1645 1692 1772 1741 ureteras
1783 1685 1897 1741 secunus

254 1776 393 1846 Siquidem
404 1783 432 1830 et
450 1778 569 1832 baerctici
580 1786 605 1832 et
622 1778 797 1841 schismatici,
814 1780 860 1849 qui
878 1776 937 1846 ejus
953 1779 1046 1847 utique
1099 1780 1178 1851 leget,
1189 1779 1242 1835 lide
1252 1777 1375 1834 veritatis
1388 1779 1544 1841 instruetur,
1553 1791 1587 1832 ue
1601 1785 1807 1848 praeoccupent
1819 1777 1897 1831 imbe-

254 1881 385 1935 sequaces
406 1875 479 1933 sunt,
493 1867 563 1922 male
584 1867 688 1923 diuinas
711 1866 866 1938 Scripturas
882 1868 1044 1940 intelligunt,
1098 1874 1189 1930 cillurn
1201 1873 1331 1936 animum,
1345 1881 1372 1927 et
1385 1868 1545 1942 periculosis
1557 1869 1714 1925 mendaciis
1726 1868 1897 1938 atquepbaa

254 1957 330 2030 pejus
346 1965 564 2029 interpretantur,
574 1962 695 2031 pessime
705 1977 770 2017 sero
779 1965 935 2019 observant.
948 1964 1048 2020 Catbe·
1098 1965 1222 2021 tasmatis
1234 1963 1372 2019 eludentes
1389 1959 1565 2032 praejudicent
1578 1961 1684 2031 aliquid
1696 1968 1797 2016 eontra
1810 1974 1896 2015 mnam

254 2052 300 2107 lici
312 2062 402 2105 autem
414 2051 541 2107 Veritatis
553 2051 651 2107 eruditi
662 2054 792 2123 exemplis
802 2061 830 2108 et
842 2055 945 2123 antiqui
958 2054 1048 2109 bostis
1100 2053 1312 2124 intelligentiam.
1327 2053 1356 2107 lu
1369 2052 1507 2107 earmnicis
1529 2060 1618 2107 autem
1637 2051 1797 2122 Scripturis
1815 2051 1896 2107 tecte

256 2139 385 2195 resistunt
406 2140 589 2205 tentamentis,
603 2150 630 2196 et
643 2143 824 2198 hereseorum
842 2145 977 2200 obsistunt
990 2160 1049 2198 ma·
1100 2148 1202 2204 siarum
1227 2146 1421 2202 catholicarum
1448 2142 1681 2212 quamplurimum
1709 2143 1894 2199 anctoritatem

256 2228 445 2295 cbinamertis,
470 2236 498 2285 et
523 2230 605 2286 divini
626 2233 700 2287 veriti
723 2248 820 2288 manna
843 2249 911 2304 puro
934 2242 962 2289 et
981 2249 1048 2291 sano
1099 2243 1228 2305 sequatur
1241 2248 1249 2288 t
1262 2235 1334 2289 inter
1348 2247 1416 2304 quas
1430 2246 1496 2287 sane
1511 2232 1563 2288 illc
1580 2233 1637 2287 siut
1652 2248 1718 2302 quat
1740 2232 1896 2302 apostolicas

255 2332 337 2374 eursu
351 2319 537 2390 suscipientes,
553 2320 611 2389 qus
624 2321 747 2378 dulcibus
768 2324 876 2378 alurrtur
891 2324 1046 2382 alimentis:
1100 2327 1179 2382 sedes
1194 2325 1293 2380 tatere
1304 2332 1332 2379 et
1342 2322 1468 2394 epistolas
1479 2322 1604 2392 accipere
1615 2331 1793 2380 meruerunt.
1812 2343 1821 2375 ι
1834 2322 1893 2377 bom

257 2408 355 2478 quibus
383 2426 436 2464 uon
465 2410 620 2479 importune
645 2413 787 2469 collectum
815 2431 912 2469 manua
942 2430 1050 2472 vermes
1101 2431 1163 2471 urm
1178 2413 1341 2470 biccunctis
1357 2426 1407 2482 per
1423 2413 1517 2467 orbem
1534 2412 1694 2468 constitutis
1708 2412 1820 2468 sedibus
1838 2425 1894 2480 apo

257 2497 360 2562 ebullit,
377 2499 458 2555 idest
476 2516 530 2556 non
552 2501 794 2570 ejnseooseienticc
814 2520 913 2560 arcana
937 2517 965 2562 et
987 2523 1050 2563 sen-
1102 2504 1211 2560 stolicas
1226 2503 1388 2575 generaliter
1405 2501 1534 2572 preferat
1548 2503 1640 2568 sedes,
1655 2503 1748 2559 multo
1759 2499 1891 2572 magistra

258 2603 337 2643 suum
359 2588 454 2643 intima
477 2592 611 2661 superbie
633 2593 750 2651 stimulis
768 2595 896 2652 confodit.
915 2597 1050 2654 Discussis
1101 2596 1226 2652 omuibus
1237 2593 1405 2666 preferenda
1418 2601 1459 2649 est
1472 2609 1533 2663 quac
1548 2595 1631 2650 etiam
1649 2595 1763 2652 eoeoeris
1776 2591 1892 2664 apostoli-

259 2677 350 2749 itaque
361 2693 421 2749 quse
440 2679 481 2735 rel
496 2691 657 2752 arroganter
669 2682 711 2739 rel
726 2684 831 2741 indocte
843 2701 859 2741 a
871 2687 1050 2744 Constantino
1102 2689 1143 2742 eis
1157 2687 1265 2742 sedibus
1278 2685 1390 2757 prelata
1404 2692 1456 2740 est.
1476 2684 1553 2741 Sicut
1571 2686 1654 2757 igitur
1667 2682 1890 2752 mensurare

260 2776 286 2822 et
295 2766 409 2823 licrena
420 2772 454 2825 ad
464 2771 645 2826 reueraoilcm
657 2788 752 2844 papam
764 2776 838 2832 urbis
849 2776 942 2833 Itomae
953 2777 1051 2835 Adria·
1102 2778 1137 2834 lis
1149 2777 1273 2850 apostoli,
1287 2784 1315 2832 et
1333 2775 1463 2846 apostolis
1483 2776 1609 2831 omnibus
1623 2775 1727 2832 Petrus
1739 2774 1847 2836 eminet,
1859 2771 1891 2825 ita

262 2873 325 2912 num
335 2858 435 2927 scripta
448 2868 519 2922 sunt,
533 2861 590 2917 sive
601 2877 682 2933 quam
692 2866 851 2922 brevissime
861 2868 973 2939 digestis
982 2886 1051 2939 qua·
1103 2868 1232 2924 nimirum
1250 2868 1355 2923 ceteris
1377 2866 1486 2922 sedibus
1510 2866 1676 2936 apostolica,
1701 2875 1729 2926 et
1747 2863 1889 2937 aposolieis

261 2945 323 3002 liter
337 2945 485 3018 Scriptura
506 2961 606 3008 sancte
627 2969 681 3007 non
702 2954 782 3010 aliter
800 2957 993 3030 intelligenda,
1008 2959 1051 3016 rel
1110 2959 1231 3014 Romana
1242 2957 1362 3014 eminere
1378 2956 1553 3028 dignoscitur,
1576 2957 1641 3013 liceo
1653 2960 1729 3015 enim
1747 2956 1890 3026 nullissya·

263 3041 482 3110 interpretanda,
499 3044 541 3098 rel
560 3060 608 3115 pro
624 3061 674 3101 suo
690 3047 788 3117 cuique
807 3050 919 3105 arbitrio
941 3014 1087 3122 proprioC
1103 3051 1189 3107 olicis
1212 3049 1368 3107 constitutis
1381 3049 1489 3104 ceteris
1503 3048 1633 3104 Ecclesiis
1655 3049 1769 3120 prelata
1787 3044 1888 3111 estred

264 3221 437 3294 sobriamque
454 3225 603 3281 doctrinam
623 3226 735 3299 intelligi
749 3229 874 3294 debeam,
886 3248 958 3303 nunc
975 3235 1052 3289 testi-
1105 3232 1143 3287 Ta
1159 3250 1186 3288 cs
1203 3232 1306 3299 Petras,
1321 3240 1345 3287 ct
1360 3247 1438 3304 super
1451 3232 1520 3286 banc
1533 3241 1635 3303 petram
1658 3226 1887 3301 edificrioficcb·

264 3311 416 3367 munierum
442 3314 565 3370 ordinem
587 3317 633 3385 qui
654 3319 785 3374 asauctis
806 3317 953 3389 Scripturis
965 3323 1023 3378 sire
1036 3338 1052 3378 a
1102 3325 1171 3379 riom
1185 3339 1280 3389 meunt,
1296 3333 1320 3378 et
1332 3332 1415 3394 porte
1427 3320 1525 3392 inferni
1540 3338 1593 3376 nou
1613 3322 1792 3393 prevalebunt
1807 3316 1886 3370 rtur·

264 3413 420 3458 sanctorum
438 3403 548 3461 Patrum
562 3409 721 3466 tractatibus
740 3408 860 3482 digestos
875 3421 928 3478 est,
938 3424 966 3469 et
980 3414 1054 3470 inor·
1102 3430 1148 3468 ιιιι
1161 3430 1239 3469 eum:
1253 3422 1277 3467 ct
1292 3413 1339 3468 tili
1353 3413 1421 3470 dato
1437 3411 1521 3467 clover
1542 3402 1884 3484 ιιφιι·οιι1οιιιιιι,ιιιιιιιό4

265 3493 357 3550 dinate
368 3496 425 3551 sire
444 3513 497 3552 non
511 3501 618 3569 proprie
627 3501 661 3556 ab
675 3502 718 3558 bis
730 3504 776 3574 qui
789 3504 816 3559 iu
826 3505 937 3575 praefata
950 3508 1053 3577 synodo
1103 3519 1204 3575 cunque
1215 3501 1334 3572 lipnrcris
1345 3519 1423 3574 caper
1432 3511 1541 3567 terram,
1550 3513 1600 3557 erat
1609 3500 1723 3574 ligoram
1732 3509 1756 3556 et
1767 3500 1795 3553 ir
1806 3493 1882 3550 celis:

265 3586 367 3642 sedisse
379 3599 537 3655 noscuntur,
550 3602 703 3666 usurpatus,
716 3595 812 3650 ordinm
827 3598 988 3666 competenti
1004 3599 1054 3655 do-
1103 3603 1128 3648 et
1138 3592 1310 3665 quodcunque
1321 3591 1429 3647 rolucus
1438 3608 1517 3663 saper
1527 3601 1634 3659 terrum,
1646 3595 1699 3648 erit
1711 3588 1850 3648 reformet
1860 3583 1883 3634 lt

266 3675 340 3734 mino
356 3676 463 3733 furente
483 3695 663 3752 exsequamur
679 3693 810 3755 ponentes
833 3687 963 3742 duntaxat
981 3703 1055 3744 suur-
1104 3686 1174 3742 celis
1195 3684 1307 3757 (linttlr.
1323 3683 1397 3758 xri).
1416 3683 1465 3740 Cui
1483 3700 1536 3739 non
1560 3682 1710 3756 incongrue
1729 3680 1798 3739 beati
1817 3672 1880 3731 Pauli

266 3766 360 3821 matina
371 3767 435 3838 quid
448 3780 602 3827 sauctorum
620 3773 730 3831 Petrum
746 3778 779 3834 de
791 3780 833 3836 bis
845 3781 979 3838 definierit
993 3799 1055 3840 sen·
1103 3776 1224 3832 doctoris
1236 3776 1356 3848 lentium
1367 3784 1409 3832 0⁵1
1425 3776 1555 3831 turibula
1568 3775 1696 3841 metas,
1709 3783 1739 3829 ut
1754 3770 1881 3827 illlum*

266 3857 411 3918 tertiaret
421 3861 580 3930 quomodna
592 3866 788 3924 uenerabilibus
800 3870 979 3942 rtrirprotatu
989 3872 1053 3938 siut,
1104 3877 1156 3925 etat
1169 3868 1296 3923 Ecclesiae
1312 3868 1422 3923 omnino
1445 3866 1599 3922 firmaretur
1612 3867 1761 3924 auctoritas
1775 3880 1782 3916 z
1800 3862 1878 3929 quale·

266 3961 326 4016 quar
339 3949 372 4004 ad
387 3966 465 4007 suum
478 3967 597 4009 errorem
611 3959 785 4014 astruendum
800 3961 907 4018 illorum
923 3961 1056 4035 agglome-
1105 3974 1157 4014 nus
1170 3958 1256 4014 altero
1272 3958 1306 4013 ad
1320 3957 1464 4027 piscandas
1477 3957 1583 4013 animas
1597 3957 1686 4015 eleeto
1704 3972 1736 4012 er
1751 3953 1877 4025 pacatus

266 4042 336 4096 ravit
357 4045 474 4099 amentia
488 4060 496 4100 ι
510 4047 609 4116 quibus
632 4064 681 4120 pro
700 4058 822 4122 tempore
838 4054 865 4109 in
877 4056 1056 4126 presentibus
1105 4052 1191 4108 altero
1209 4052 1243 4106 ad
1270 4048 1442 4105 muniendam
1462 4048 1611 4105 Ecclesiam
1635 4065 1669 4104 cr
1695 4048 1875 4119 persecutore:

266 4129 371 4188 duobus
386 4135 480 4204 primis
495 4137 675 4196 voluminibus
687 4146 859 4209 enumeratis,
871 4146 936 4216 quid
947 4149 1057 4218 proprio
1105 4150 1136 4196 ut
1149 4142 1177 4196 in
1189 4140 1274 4197 allero
1287 4140 1336 4195 Del
1347 4139 1406 4195 Fllll
1417 4153 1481 4194 leli
1495 4137 1640 4204 ⁰⁰¹¹s0⁸Sl⁰2
1664 4139 1692 4194 ln
1712 4137 1793 4193 illim
1810 4139 1877 4197 W·

266 4237 347 4278 sensu
366 4225 455 4282 minus
469 4227 548 4283 docte
564 4237 591 4283 et
607 4237 700 4286 eontra
716 4241 869 4291 saeuorum
888 4236 1000 4294 Patrium
1015 4241 1057 4296 iu·
1107 4241 1179 4288 reret
1195 4231 1277 4288 divini
1292 4231 1366 4286 serbi
1381 4246 1458 4286 sacra
1473 4230 1644 4300 praedieatim
1662 4244 1725 4287 cum
1743 4221 1875 4281 alenae

266 4315 432 4371 stitutionem
458 4318 493 4375 ob
517 4321 713 4378 adorandarum
733 4325 879 4398 imaginum
893 4329 1055 4399 superfluam
1073 4324 1222 4420 „cesserit
1235 4323 1305 4378 illem
1320 4322 1368 4376 Del
1382 4321 1467 4378 lilius
1477 4320 1567 4377 clatet
1577 4322 1652 4392 rasni
1665 4322 1799 4378 eoelffl'ssffll
1812 4304 1875 4366 illm

266 4405 428 4482 protulerint
445 4407 674 4478 constitutionem,
696 4416 865 4486 sequemmm
887 4418 1001 4476 duorum
1026 4422 1057 4477 li·
1108 4412 1211 4467 clavem
1234 4410 1440 4480 aperiendorum
1461 4411 1588 4481 lilinum
1610 4414 1767 4469 'limium‘
1784 4401 1873 4467 “illim

266 4494 377 4549 brorum
389 4496 472 4550 series
483 4496 596 4553 Domino
605 4512 740 4558 anunente
750 4505 884 4570 discutiet,
893 4511 1057 4578 praeruitten-
1108 4511 1198 4556 ²2¹⁰&ss
1212 4500 1340 4556 illimem
1355 4502 1504 4572 signorum,
1521 4517 1576 4572 21⁰⁰
1586 4501 1655 4560 ⁸¹10?
1672 4505 1707 4558 Μ
1724 4512 1781 4555 eum
1797 4503 1872 4549 Μ’

269 4590 309 4639 tes
325 4584 352 4638 in
366 4587 488 4654 sequenti
504 4589 621 4658 capitulo
637 4591 754 4661 qualiter
767 4604 860 4651 sancta
873 4597 992 4655 bumana
1007 4600 1059 4657 Ec·
1107 4591 1274 4662 lllttllddlo
1284 4606 1411 4661 pemeus,
1427 4591 1549 4648 fidelibus
1562 4594 1740 4649 arrhabonem
1748 4577 1871 4654 Μ’

268 4673 350 4729 clesia
373 4673 444 4729 inter
465 4685 577 4733 ceteras
599 4680 733 4739 Ecclesias
754 4687 870 4744 manime
890 4690 1058 4746 venerationi
1107 4681 1221 4737 81101115)
1239 4681 1432 4752 fillss‘lssffllessl
1457 4691 1485 4739 θῑ
1505 4683 1620 4754 mliii>li
1645 4682 1756 4756 'illim’
1774 4683 1798 4732 ἃ
1810 4664 1870 4726 wll

268 4765 369 4831 habita,
384 4781 435 4836 pro
448 4770 538 4824 causis
551 4769 611 4827 bilei
624 4773 659 4828 sit
669 4776 843 4832 consulenda.
1108 4776 1214 4838 decore,
1228 4783 1256 4828 et
1269 4782 1363 4830 saneto
1376 4789 1473 4830 cruore
1485 4775 1669 4846 supradictam
1682 4769 1816 4832 belisiam
1827 4759 1870 4815 lli

575 4882 689 4941 ggpgg
708 4886 751 4944 gg
1110 4865 1581 4937 uiauamcidiearcut,qoamsopra
1592 4860 1868 4928 solidissiruampelrill

269 4981 346 5049 Quod
356 4992 447 5037 sunda
463 4982 593 5044 Romana,
607 4987 736 5042 embolim
748 4999 773 5043 et
783 4991 927 5061 apostolice
939 4991 1059 5050 Ecclesia
1109 4955 1247 5060 suf'dm
1263 4972 1314 5012 ¹¹⁰⁰
1326 4956 1492 5059 dflioendfflll
1506 4958 1606 5027 biblia,
1628 4974 1678 5014 me
1692 4947 1813 5012 vertutis
1830 4938 1860 4994 Ν

306 5054 408 5107 steteris
421 5052 675 5125 lectesttrprnlua,
687 5060 973 5131 precurrtirfideicam
987 5081 1060 5136 pure.
1110 5063 1192 5110 mma,
1214 5061 1265 5102 nee
1288 5045 1383 5101 batales
1406 5054 1481 5101 vcnu
1506 5063 1586 5102 ruere
1609 5046 1797 5118 mmpetbrmt·
1816 5028 1867 5086 ll*

304 5122 447 5192 “ierurgit
465 5126 570 5178 omniuo
584 5127 618 5180 sit
631 5129 803 5183 currsuieudo,
1108 5153 1173 5209 ergo
1195 5145 1296 5192 sancte
1320 5136 1382 5194 duci
1400 5137 1565 5207 spiritalibus
1589 5139 1691 5193 munita
1712 5130 1801 5190 mullo
1816 5126 1865 5175 θ’

304 5212 455 5280 Antequam
468 5215 698 5272 munticulorum
710 5222 926 5278 testimoniorum
938 5240 999 5294 mum
1012 5226 1060 5281 ab
1110 5225 1184 5281 lonte
1201 5225 1269 5296 lucis
1288 5232 1316 5280 et
1334 5226 1438 5295 origiue
1456 5225 1597 5292 bematis,
1616 5223 1771 5282 salutaribus
1783 5207 1863 5266 sarbia

269 5302 350 5356 surde
372 5300 524 5359 Orientales
545 5305 571 5360 in
592 5308 761 5377 susspicio
783 5318 950 5376 eraserunt,
963 5315 1061 5370 diram
1109 5315 1226 5383 fluentis,
1243 5326 1270 5373 et
1281 5317 1423 5373 horrendis
1434 5317 1624 5388 atrocibusque
1636 5318 1761 5374 weram
1778 5293 1863 5359 W

306 5425 319 5493 f
335 5411 406 5496 Num
420 5416 471 5497 nisi
486 5418 687 5501 imcrpretmdir
697 5420 842 5492 scripturis
855 5425 999 5482 imitandrtr
1009 5436 1058 5492 cst,
1110 5439 1139 5484 et
1151 5430 1179 5485 in
1193 5428 1334 5487 fallacibus
1349 5430 1522 5485 tentamentis
1535 5431 1696 5499 sequendus.
1720 5425 1749 5480 Et
1758 5418 1778 5474 sl
1787 5415 1810 5470 ll
1822 5403 1861 5462 ω’

270 5492 294 5535 et
308 5498 335 5534 m
346 5481 476 5549 [nullibus
490 5495 654 5542 remanemus
667 5492 821 5560 rcqoerrdur.
835 5493 922 5550 flocus
932 5510 1060 5566 praeatus
1111 5498 1212 5555 lacibus
1224 5502 1409 5565 tentamentis,
1420 5509 1473 5556 etc.
1490 5521 1500 5553 ι
1519 5500 1593 5556 Nibil
1602 5502 1700 5564 terius,
1713 5479 1862 5550 etcorlrfflil

271 5560 298 5605 ct
318 5559 373 5605 toto
389 5570 469 5637 sertsu
488 5558 628 5612 aberrans.
648 5560 797 5616 Restituam
819 5580 899 5619 seusu
918 5566 1058 5636 exigentur:
1110 5569 1181 5638 qrrod
1196 5569 1295 5638 legitur
1308 5571 1354 5626 lib.
1368 5586 1409 5634 ru,
1424 5585 1483 5641 cap.
1499 5571 1552 5626 li:
1572 5590 1581 5622 r
1602 5572 1634 5626 Et
1646 5559 1789 5630 contemptis
1799 5545 1859 5605 eta

274 5618 668 5697 ‹uniuersarumque—undis
684 5632 830 5702 Scripturis
847 5635 1058 5701 ittrib‘tudusest,
1109 5640 1186 5694 rilrus
1198 5639 1406 5694 diverticulis.»
1696 5667 1699 5672 ,
1984 5641 1986 5702 l

263 3132 355 3187 sensui
379 3133 613 3191 accommodandae
636 3137 700 3202 sint,
714 3138 761 3194 sed
783 3141 931 3196 secundum
958 3159 1052 3198 sanam
1103 3142 1187 3211 ipsius
1201 3140 1307 3196 bomim
1327 3140 1488 3196 arcuatae
1503 3140 1651 3210 primatum
1675 3147 1761 3204 tenet,
1776 3136 1886 3197 dieeullt

1851 6009 1986 6123 Α
