4050 6192
178 403 246 461 lbi?

424 399 839 467 sccttott,1b8tomct.-
858 398 903 453 ut:
920 396 1044 454 ousiis
1062 395 1093 450 B.
1111 390 1237 450 ciboti
1255 387 1373 445 utoni.
1407 416 1422 428 ·
1447 385 1511 442 titt.
1532 387 1563 442 tt.

1737 387 1805 444 idid

175 516 313 578 accedere,
327 514 424 570 librata
441 512 534 569 lancea
549 515 620 569 inter
636 528 741 569 armum
753 520 781 568 et
793 518 896 584 guttur,
914 526 962 567 our
976 513 999 572 Α
1014 508 1084 574 rina,
1098 523 1160 579 quae
1176 506 1204 561 iri
1217 505 1270 560 illis
1280 505 1402 576 partibus
1413 518 1474 558 rara
1486 510 1514 558 ct
1527 501 1640 558 miiitum
1654 517 1717 558 caia
1731 520 1806 560 oorn·

175 585 234 656 cius
282 585 407 648 ruram,
419 591 447 639 et
460 584 617 653 imperatori
629 584 673 654 pal
694 584 805 638 itantem
820 582 962 651 consigna·

175 658 224 714 vit
239 600 316 723 &od
336 669 398 708 cuin
417 654 462 708 ilie
478 655 555 723 quasi
574 669 627 709 riou
645 669 660 708 a
680 653 814 715 vertisset,
830 652 963 708 cadavere

175 725 258 782 sociis
280 723 376 780 relicto
393 739 518 780 reversus
529 731 571 777 est
582 724 701 786 domum,
720 723 903 792 advocataque
920 737 964 777 rc·

175 795 247 919 gina,
273 794 398 876 ostendit⁸
412 808 507 849 ocreas
525 793 673 875 disruptas,
693 800 721 848 et
744 792 813 848 dixit
833 792 858 875 ei
871 809 878 846 ε
893 790 964 873 Quid

196 880 275 938 ignus
286 871 338 928 est,
354 878 399 933 qui
414 863 447 918 de
459 863 537 918 hoste
547 863 606 919 baec
619 861 756 933 infligente
768 877 811 918 me
824 861 964 917 liberavit?

1013 577 1094 650 perit.
1111 577 1199 633 Canes
1215 590 1323 658 quoque
1344 573 1465 645 agilitate
1481 580 1510 628 et
1528 572 1628 629 lerocia
1643 572 1684 626 sin
1723 572 1803 642 lares,

1013 647 1108 720 quales
1122 647 1179 718 ipse
1190 661 1269 729 prius
1284 645 1318 699 ad
1333 643 1478 714 capiendos
1490 642 1532 698 vel
1544 642 1681 713 propellen
1701 659 1732 698 os
1746 643 1804 700 leo·

1013 733 1064 774 nes
1083 725 1111 772 et
1134 717 1154 771 ti
1175 717 1248 771 rides
1269 714 1426 786 postulavit.
1449 712 1500 779 Qui
1521 713 1627 769 cacteris
1648 713 1805 770 muneribus

1033 787 1091 841 uasi
1106 801 1124 841 n
1157 733 1273 857 iigeutcr
1287 783 1426 855 inspectis,
1439 782 1581 853 requisivit
1594 798 1610 836 a
1625 782 1724 846 missis,
1736 798 1805 854 quas

1013 802 1088 912 ieras
1098 864 1126 911 et
1188 855 1239 911 tias
1249 868 1331 911 canes
1342 853 1379 908 illi
1391 853 1527 909 debellare
1540 852 1668 908 solerent.
1683 851 1804 937 Cumque

174 931 277 1005 illaque
296 934 486 1002 respondente,
504 931 583 988 Omni
597 933 678 997 bono,
690 933 830 988 enarravit
848 931 965 1002 impera·
1014 941 1175 997 responsum
1199 925 1345 995 acciperet,
1372 924 1436 1006 quia
1458 922 1548 979 cuncti
1569 923 1667 1048 Ἡιίῠυε
1689 922 1804 980 immissi

175 1014 220 1061 tor
231 1011 328 1061 musta
343 1017 394 1072 per
411 1001 545 1068 ordinem,
566 1009 594 1058 ct
614 1002 819 1058 immanissimis
835 1001 965 1058 cornibus
1013 995 1139 1062 luissent,
1154 996 1256 1066 absque
1269 1009 1345 1049 mora
1361 992 1555 1063 discerperent.

176 1074 205 1130 iit
228 1073 412 1130 testimonium
435 1072 563 1141 prolatis,
587 1073 623 1128 ad
641 1071 777 1137 lacrymas
798 1079 827 1127 et
847 1071 965 1141 suspiria

175 1161 210 1216 pii
232 1156 333 1226 'osque
353 1141 470 1212 pectoris
485 1142 689 1225 dominatricem
703 1142 801 1224 coegit.
819 1141 884 1209 Quae
903 1156 965 1225 cuni

176 1231 210 1269 au
231 1221 306 1295 isset,
328 1212 400 1281 quod
425 1220 490 1267 tunc
511 1211 617 1295 odibilis
630 1218 669 1267 ‘et
694 1221 799 1268 cunctis
817 1212 966 1294 lirinoribus

175 1280 967 1435 autiiasrtrrvaatrrsracraam

175 1438 267 1477 omnia
292 1436 459 1492 quascunque
481 1419 587 1478 lucrant
608 1421 649 1477 ilb
670 1421 770 1488 ablata,
786 1421 834 1479 sed
856 1432 884 1477 et
907 1439 966 1493 ipsa

175 1492 263 1549 cidem
272 1502 315 1549 est
326 1507 438 1549 munera
449 1492 557 1564 largita.

472 1583 588 1642 curbi
610 1584 668 1642 iitt.

355 1673 444 1730 Curcli
458 1672 530 1745 [uma
548 1675 619 1746 apud
633 1672 790 1730 Oricutulct.

212 1765 368 1821 trinutum
386 1773 475 1819 autem
498 1762 588 1821 Persae
609 1764 792 1835 elephantum,
816 1770 845 1819 et
864 1764 967 1829 simias,

1596 1007 1638 1058 oc,
1654 992 1750 1064 inquit,
1763 993 1804 1049 rei
1825 990 1831 1003 '

1015 1067 1140 1138 probabit
1152 1074 1274 1121 creatus.
1287 1063 1320 1119 Et
1331 1078 1394 1120 ecce
1406 1063 1525 1119 crastina
1537 1063 1580 1118 die
1592 1060 1681 1117 lactus
1694 1071 1737 1118 est
1749 1079 1807 1119 ma-

1015 1137 1106 1193 ximus
1120 1143 1259 1208 pastorum
1276 1133 1378 1189 clamor
1399 1149 1416 1188 a
1439 1131 1508 1189 lacie
1530 1133 1615 1188 leonis
1634 1130 1805 1204 rugientium.

1003 1207 1095 1275 'Quod
1116 1221 1177 1261 cum
1192 1206 1219 1259 in
1240 1204 1300 1259 aula
1324 1203 1396 1276 regis
1419 1202 1515 1259 luisset
1537 1202 1667 1264 auditum,
1686 1202 1755 1258 dixit
1772 1203 1805 1258 ad

1016 1277 1138 1348 legatos:
1154 1274 1177 1331 0
1193 1275 1260 1331 socii
1283 1273 1381 1330 Franci
1404 1273 1542 1329 ascendite
1555 1272 1583 1327 iii
1596 1287 1681 1342 equos
1702 1281 1807 1329 vestms

1017 1356 1044 1403 et
1058 1347 1130 1402 ciite
1142 1354 1204 1415 post
1213 1360 1266 1400 me.
1280 1344 1332 1411 Qui
1343 1344 1433 1399 statim
1448 1344 1525 1413 quasi
1546 1342 1612 1398 nihil
1632 1357 1750 1412 uuquam
1769 1342 1808 1397 la-

1017 1416 1093 1474 boris
1112 1424 1160 1471 aut
1181 1414 1347 1470 lassitudinis
1367 1413 1457 1485 passi,
1486 1413 1611 1468 alacriter
1634 1421 1697 1467 sunt
1717 1427 1807 1482 regern

1038 1485 1166 1543 resecati.
1181 1486 1248 1541 Cum
1264 1493 1356 1539 autern
1367 1484 1401 1538 ad
1414 1490 1588 1553 conspectum
1603 1480 1688 1539 lconis
1702 1484 1809 1537 eminus

1017 1502 1083 1612 iicet
1105 1563 1217 1612 veritum
1242 1552 1350 1621 inisset,
1375 1554 1444 1609 dixit
1465 1564 1635 1624 satraparum
1655 1551 1808 1624 (quidamlr

1019 1625 1147 1699 instigate
1168 1639 1250 1681 canes
1265 1623 1407 1680 restrosin
1430 1623 1546 1679 iconem.
1569 1622 1619 1690 Qui
1636 1620 1712 1692 iussu
1735 1638 1809 1677 coiri·

1039 1696 1135 1762 lentes,
1156 1694 1289 1751 acerrime
1307 1694 1473 1759 advolantes,
1486 1709 1501 1748 a
1514 1693 1682 1750 Cemianicls
1697 1692 1810 1748 canibus

1018 1711 1157 1822 geramum
1170 1766 1275 1821 leonem
1291 1764 1516 1835 comprehensum
1534 1763 1714 1835 llypcrboreae
1733 1777 1810 1817 vciuc

177 1836 396 1908 opobalsamum,
421 1833 551 1900 nardum,
577 1851 613 1889 un
633 1843 769 1904 uentaquc
791 1834 886 1899 varia,
902 1836 969 1916 pig·
983 1864 1006 1925 B
1020 1836 1117 1909 gladiis
1139 1836 1244 1891 duratis
1260 1850 1312 1917 pro
1333 1834 1465 1960 mnffiine
1482 1842 1665 1905 perstiterunt.
1680 1831 1739 1900 Quo
1751 1832 1810 1888 riso

178 1916 279 1970 ruente,
301 1905 478 1960 odoramenta
500 1905 542 1958 vel
562 1921 588 1959 in
626 1906 759 1960 icamcnta
772 1904 966 1971 diversissima,
1021 1907 1138 1963 nominis
1152 1906 1193 1961 sul
1207 1903 1370 1961 fortissimus

177 1977 245 2032 adeo
256 1985 286 2030 ut
299 1975 437 2031 Orientem
449 1989 595 2029 evacuasse
609 1984 637 2030 et
648 1974 821 2031 Occidentem
841 1975 966 2030 videren-

178 2054 223 2101 tur
236 2044 373 2115 implesse.
386 2043 507 2114 Cumque
529 2044 607 2099 multi
628 2045 699 2115 apud
719 2046 910 2114 imperatorem
929 2044 969 2100 ia·

178 2115 334 2170 miliaritate
354 2113 394 2170 uti
408 2115 566 2185 coepisscut,
590 2116 706 2185 quadam
720 2114 763 2170 die
781 2130 843 2171 cum
854 2112 911 2183 iarn
923 2115 970 2171 lac·

177 2186 264 2241 tiores
274 2192 375 2252 essent,
394 2194 423 2241 et
441 2185 637 2256 grecingario·
652 2183 757 2240 fortiori
783 2184 967 2252 incaluissent,

178 2256 213 2310 ad
222 2254 349 2311 Carnium
358 2254 485 2311 serietate
494 2255 694 2325 sobrietateque
705 2270 812 2325 semper
821 2262 967 2322 armatum,

175 2323 334 2393 joculariter
355 2326 414 2380 bec
432 2325 566 2396 prolocuti
586 2334 668 2381 sunt:
682 2324 777 2395 ilagna
791 2325 900 2395 quidem
914 2334 968 2392 est,

1421 1919 1466 1959 ros
1483 1904 1576 1959 Aaron
1589 1919 1622 1958 ei
1637 1903 1716 1959 rebus
1731 1902 1811 1957 mirri·

1019 1977 1082 2043 mis,
1100 1974 1238 2034 fortiorem
1251 1973 1377 2030 Carolum
1391 1973 1603 2044 deprehendens,
1618 1974 1662 2030 bis
1679 1973 1768 2028 verbis
1783 1973 1810 2027 in

1019 2045 1079 2128 ejus
1092 2047 1210 2102 favorem
1224 2044 1365 2116 prorupit:
1379 2043 1456 2098 Nunc
1475 2052 1564 2099 autem
1579 2059 1712 2115 cognosco
1729 2058 1810 2112 quani

1020 2124 1074 2173 siut
1087 2132 1151 2173 vera
1185 2130 1226 2172 uie
1242 2113 1331 2170 audivi
1345 2114 1378 2169 de
1390 2112 1474 2168 fratrc
1487 2127 1548 2168 mco
1557 2111 1663 2180 Carolo,
1678 2113 1723 2184 qni
1741 2111 1813 2168 scili·

1020 2194 1064 2242 eet
1083 2186 1240 2243 assiduitate
1260 2183 1376 2239 venandi
1394 2193 1422 2238 et
1437 2182 1596 2254 inlatlgabili
1610 2183 1700 2240 studio
1712 2198 1812 2253 corpus

1019 2263 1047 2311 et
1064 2256 1184 2312 animum
1207 2253 1361 2317 exercendi,
1377 2262 1475 2309 cuncta
1498 2268 1559 2324 quie
1584 2254 1636 2310 sub
1656 2252 1725 2310 coelo
1749 2262 1813 2309 suut

1020 2325 1242 2383 consuetudinem
1260 2324 1341 2380 babet
1354 2323 1507 2379 edomandi.
1523 2322 1594 2390 Quid
1608 2324 1691 2395 igitur
1709 2323 1735 2379 ei
1749 2338 1812 2393 pos·

177 2397 366 2465 oimpcrator,
385 2396 505 2465 potentia
523 2403 623 2460 vestra,
646 2394 694 2452 sed
715 2396 802 2451 multo
823 2396 969 2451 minorru·

1020 2412 1081 2452 snm
1096 2395 1258 2466 condignum
1273 2393 1432 2465 rependere,
1456 2393 1504 2464 qui
1525 2394 1562 2449 ita
1584 2409 1629 2450 me
1642 2394 1749 2449 curavit
1763 2394 1813 2451 lio-

179 2479 326 2535 moreque
345 2466 416 2535 apud
434 2463 581 2521 Orientalia
600 2481 682 2537 regna
698 2464 829 2521 diffamati
886 2466 967 2522 lletis.

1020 2467 1137 2523 iterare?
1150 2464 1178 2521 Si
1192 2472 1293 2521 terram
1313 2464 1475 2533 promissam
1492 2463 1609 2520 Abrabae
1626 2473 1654 2520 ct
1663 2463 1812 2521 exhibitam

177 2533 709 2618 Quoillcaiidito,etproluudissimairidi
729 2535 838 2591 natione
864 2535 969 2618 issimu·
1019 2534 1110 2602 losiie,
1128 2535 1227 2592 dedero
1248 2534 1298 2601 illi,
1317 2542 1428 2605 propter
1447 2534 1670 2618 longinquitatem
1690 2534 1812 2618 locorum

179 2603 243 2668 lata,
264 2606 421 2672 ioculariter
439 2606 578 2674 inquisivit
590 2607 624 2661 ab
637 2606 694 2661 cis:
710 2551 766 2662 gur
780 2606 827 2672 ita,
841 2606 888 2662 lilii
904 2606 967 2669 mei,
1020 2623 1074 2663 nori
1096 2613 1186 2677 potest
1206 2620 1266 2660 cam
1291 2602 1433 2660 defensare
1446 2620 1462 2658 a
1475 2605 1608 2671 barbaris,
1634 2604 1675 2660 vel
1698 2621 1721 2662 si
1732 2613 1810 2674 iuxta

136 2703 138 2706 ·
179 2674 287 2730 dicitis?
306 2674 347 2732 vel
369 2676 421 2730 hoe
439 2675 511 2731 unde
533 2675 657 2731 videtur?
677 2676 713 2731 At
730 2675 767 2730 iili
789 2683 970 2747 repetentcsa
1020 2675 1270 2747 magnanimitatem
1292 2689 1368 2730 suam
1390 2673 1534 2731 defendere
1546 2675 1674 2746 creperit,
1685 2677 1767 2732 timeo
1779 2690 1814 2729 uc

178 2744 312 2815 principio
325 2752 505 2800 narraverunt
523 2744 548 2800 ei
570 2754 668 2802 cuncta
686 2761 747 2816 qtnc
765 2745 816 2800 sibi
831 2747 858 2800 in
871 2746 970 2801 cisma-
1020 2748 1142 2803 ilnitimaa
1163 2761 1246 2817 reguo
1263 2744 1429 2800 Francorum
1448 2745 1595 2815 provincie
1616 2745 1757 2801 discedant
1778 2745 1813 2800 ali

179 2814 248 2869 riiiis
259 2815 381 2885 partibus
395 2816 575 2885 contigerunt,
591 2816 731 2872 dicentes:
752 2815 807 2871 lios
824 2815 915 2872 Perse
926 2816 970 2872 vel
1020 2816 1080 2888 ejus
1103 2817 1225 2888 imperio.
1240 2815 1395 2871 Scdtanmn
1408 2815 1461 2871 hoc
1478 2816 1559 2871 modo
1578 2815 1733 2872 liberalitati
1755 2812 1815 2884 clus

181 2882 387 2949 llcdi,drmeni
406 2900 440 2940 ue
462 2884 587 2949 rettudi,
609 2896 638 2941 et
658 2885 792 2951 Elamitaa,
821 2900 971 2956 omnesque
1020 2886 1167 2959 gratiiicari
1180 2887 1300 2943 tentabo.
1316 2885 1391 2942 babo
1410 2886 1519 2956 quidem
1543 2885 1617 2941 illam
1640 2886 1670 2941 in
1689 2885 1748 2957 ejus
1766 2900 1815 2957 po·

180 2952 334 3011 orientales
349 2901 433 3036 meite
446 2956 533 3027 magis
545 2970 595 3011 vos
625 2972 687 3011 uam
711 2955 906 3011 dominatorem
922 2972 971 3011 no-
1021 2966 1157 3022 testatem,
1169 2964 1197 3013 ct
1209 2970 1260 3028 ego
1273 2956 1423 3013 advocatus
1435 2955 1552 3028 ejuscro
1566 2970 1647 3039 super
1657 2972 1739 3022 eam;
1756 2955 1816 3027 ipse

180 3030 267 3079 strum
289 3024 381 3081 daron
401 3034 538 3082 timemus.
562 3025 601 3081 De
646 3025 913 3082 aocdonibusautem
927 3026 970 3083 vel
1021 3044 1086 3085 vero
1109 3028 1325 3110 quandocunque
1347 3025 1475 3092 voluerit,
1491 3026 1535 3082 vel
1551 3026 1603 3083 sibi
1616 3026 1815 3098 opportunissi-

179 3093 289 3150 Aciiivis
301 3096 367 3165 quid
380 3095 520 3152 dicamus!
552 3095 579 3151 ui
598 3094 655 3164 iam
674 3096 786 3167 Jamque
807 3095 970 3168 magnitudi·
1020 3114 1096 3155 mum
1106 3098 1222 3162 ridetur,
1235 3097 1335 3168 dirigat
1346 3099 1381 3152 ad
1393 3112 1437 3154 me
1451 3097 1555 3168 legatos
1565 3112 1640 3162 suos,
1652 3106 1680 3154 et
1690 3096 1816 3153 ddelissi-

180 3178 241 3219 nem
262 3176 381 3221 vestram
405 3166 467 3236 plus
488 3182 518 3221 sc
533 3111 665 3223 ⁴iuctibirs
689 3166 755 3221 lonii
778 3181 968 3249 oppressuram
1022 3185 1097 3225 mum
1106 3181 1150 3224 mc
1179 3166 1494 3238 rocuratorcch'usdem
1506 3168 1652 3237 provincia
1662 3168 1815 3224 reddituum

179 3235 442 3375 1ρέἔέῗὲῑοὶἓίιᾶἚὲ
439 3245 547 3362 aaa&
557 3251 662 3362 orr'rlnelsa
663 3252 724 3379 pleri0
726 3252 794 3377 :auls
809 3246 866 3362 itert
872 3212 1006 3363 Ιιειιὺῃέ-(Ῑ
1021 3237 1389 3379 ἰηνεῃέςεῇοριῗςρζρηὲοάο
1401 3236 1501 3294 laetum
1514 3246 1565 3298 est.
1581 3246 1610 3294 ut
1622 3239 1694 3310 quod
1704 3253 1754 3310 pro
1767 3239 1815 3296 im·

238 3374 245 3386 .
341 3373 369 3385 ‚⁸
475 3375 481 3388 .
549 3324 580 3362 ru
624 3325 632 3362 i
682 3377 709 3389 ..
783 3324 969 3390 isunet·
1019 3325 1212 3381 possiiiixi
1357 3322 1365 3363 ε

181 3380 257 3498 rata
272 3374 835 3512 airrttrcaaaliarl‘arra
849 3378 970 3518 titur
1242 3416 1745 3485 mammam,

180 3511 323 3594 primores,
339 3520 369 3566 ut
381 3511 460 3595 nobis
474 3513 660 3596 ridetumnon
675 3514 742 3569 satis
759 3524 857 3570 curant
872 3518 906 3572 de
922 3531 970 3597 vo·
1021 3528 1133 3602 propter
1143 3518 1303 3601 iudustriam
1316 3520 1532 3601 victoriosissimi
1546 3521 1645 3587 Caroli,
1657 3524 1761 3580 exitum
1773 3526 1816 3581 vel

181 3587 233 3647 bis,
249 3597 301 3638 uisi
316 3589 419 3664 tantum
434 3598 462 3664 !¹¹
475 3589 619 3666 prasentia
631 3593 731 3639 restra.
748 3584 815 3639 Nau
834 3599 969 3667 cumeis,
1023 3591 1138 3672 reditum
1158 3603 1304 3643 missorum
1322 3604 1390 3659 epus,
1412 3598 1440 3645 ct
1459 3589 1654 3676 prosectionem
1670 3594 1712 3649 vel
1725 3610 1816 3677 reter-

180 3653 972 3805 :iblittdltttet'tli‘ltdtdladi?¹tll¹l
1022 3657 1817 3802 {ittiillidillltddtltdd‘idtffb

180 3792 246 3847 licre
267 3793 452 3875 dignarentur,
478 3794 614 3876 rnadputos
630 3801 659 3849 et
680 3809 780 3851 vacuos
799 3794 970 3850 dimiserunt.
1022 3797 1174 3856 senioribus
1188 3813 1242 3854 non
1256 3798 1344 3855 solum
1354 3800 1491 3869 possibile,
1503 3802 1551 3858 scd
1563 3810 1592 3858 et
1605 3749 1763 3861 laeiliiinum
1775 3806 1817 3861 vi-

181 3860 259 3944 func
273 3870 421 3945 imperator
433 3877 529 3946 ornnes
544 3872 657 3919 comites
670 3872 699 3920 et
711 3865 831 3931 abbates,
844 3879 893 3936 per
904 3880 972 3936 quos
1022 3868 1132 3925 deretur
1142 3867 1262 3924 omnino.
1278 3868 1442 3926 Utrumlibct
1460 3871 1569 3927 Ararim
1590 3873 1674 3930 veiint
1693 3875 1817 3946 accipere

181 3930 261 4015 iidem
276 3948 351 4015 missi
364 3931 479 4003 proiecti
497 3942 570 3998 sunt,
594 3935 700 4016 cunctis
717 3936 866 3991 honoribus
889 3937 973 3993 denu-
1042 3937 1202 4004 rammatici,
1217 3954 1279 3994 eum
1291 3939 1417 3996 videlicet
1444 3941 1471 3997 ui
1484 3942 1619 4010 liberium,
1629 3943 1671 4000 vcl
1682 3945 1757 4001 illurn
1769 3947 1816 4016 qui

180 4001 357 4084 davitEpisc
411 4005 642 4059 sautcmiiiilnita
655 4006 973 4089 pecunimulctavitvel
1023 3954 1623 4089 Rhodanumprucipat0,quiaiioclncorum
1636 4014 1818 4073 confuderunt

181 4071 351 4127 damnavit:
386 4081 480 4143 egatus
508 4087 659 4130 verorum
690 4092 717 4130 m
736 4083 791 4131 enti
815 4077 919 4132 cautela
946 4085 974 4132 et
1024 4078 1121 4151 ignari.
1145 4077 1186 4133 dd
1207 4078 1288 4148 huius
1300 4080 1338 4136 rei
1352 4080 1535 4139 testimonium
1556 4092 1639 4140 totam
1659 4085 1737 4143 ciebo
1749 4084 1816 4143 Ger·

181 4139 283 4199 bonore
309 4143 344 4199 ad
367 4159 454 4214 usquc
481 4146 606 4215 proprios
622 4145 690 4201 lines
767 4146 810 4202 nci
833 4147 972 4220 pracepit.
1024 4148 1153 4232 maniam,
1176 4164 1240 4232 quae⁸
1254 4150 1419 4235 temporibus
1433 4152 1620 4262 gloriosissimi
1631 4155 1716 4226 patris
1727 4158 1816 4240 'vestri

480 4235 595 4294 CAPUT
615 4235 684 4291 qm,
1024 4218 1144 4303 budwici
1166 4219 1200 4276 dc
1218 4219 1332 4302 singulis
1346 4222 1424 4278 nobis
1463 4222 1594 4295 regalium
1617 4240 1816 4296 possessionem

465 4325 591 4396 rm,
608 4326 695 4398 m,
1025 4289 1572 4432 {taramriammrarlr
1588 4297 1818 4438 arratam

218 4412 357 4468 Venerunt
366 4427 473 4484 quotide
486 4414 520 4470 Μ
533 4429 594 4470 etim
610 4415 734 4487 Ιθκθῑθῑῑὶ
751 4419 825 4491 ῐθεῑδ
835 4418 975 4487 Μῐθηῑῐΰ»
1027 4430 1111 4486 sionis
1120 4429 1364 4496 incolentium,boc
1376 4434 1543 4517 proantiqua
1552 4436 1734 4496 dominatione
1742 4439 1815 4494 atavi

182 4480 334 4539 deserentes
346 4483 451 4567 leonem
462 4484 636 4568 liarmarium
645 4503 792 4571 ursumque
803 4488 975 4575 Numidicum
1027 4500 1818 4572 iesiiiCamti,aitquemsiiituduiciabcointscrabititci

182 4568 244 4607 cuia
261 4552 398 4623 ferrugine
411 4554 510 4611 llibera
529 4555 665 4626 Tyrioque
687 4573 801 4626 murice,
821 4569 849 4615 et
868 4571 975 4618 cacteris
988 4560 1014 4622 Ι)
1026 4569 1238 4642 implorantium.

181 4624 336 4746 tcaammdcm
345 4624 485 4696 regionum
498 4627 657 4709 insignibus.
670 4629 755 4712 Qum
767 4629 973 4690 liberalissimus
1325 4661 1440 4720 gqppg
1459 4663 1518 4721 xp

203 4693 610 4767 arolusLibycosquoqucpugi
629 4711 740 4769 penuria
755 4701 903 4769 conlectos,
919 4703 972 4758 iiu-
1333 4752 1339 4764 .
1369 4753 1375 4766 .
1542 4756 1548 4769 .

183 4776 213 4815 ro
267 4762 377 4828 divitiis,
393 4762 530 4820 frumento
546 4767 681 4834 videlieet,
704 4770 769 4825 vino
786 4780 815 4826 et
834 4773 895 4827 olco
917 4789 972 4828 nou
1249 4750 1392 4807 P'st'doe‘w
1404 4753 1435 4809 ά
1447 4752 1589 4812 mmm

182 4846 268 4885 soum
283 4839 357 4897 tune,
378 4835 466 4889 sedet
480 4836 552 4891 omni
576 4846 697 4908 tempore
719 4840 782 4895 ritm
802 4857 858 4898 suoe
883 4859 973 4898 remu·
1059 4845 1093 4900 Et
1105 4844 1167 4915 quia
1184 4859 1213 4901 sc
1226 4844 1323 4900 obtulit
1340 4847 1458 4912 occasio,
1482 4855 1512 4902 ut
1533 4848 1567 4904 dc
1589 4849 1719 4906 indicibili
1740 4858 1817 4920 patre

183 4915 292 4965 neruus,
315 4911 342 4957 et
365 4903 439 4987 larga
464 4920 546 4960 manu
571 4918 738 4973 sustentaris,
763 4910 899 4986 subjectos
920 4913 972 4969 sibi
1024 4923 1115 4973 vestro
1129 4915 1261 4971 incideret
1274 4915 1430 4970 honoranda
1446 4917 1555 4982 mentio,
1572 4918 1816 4976 libetoomuieuio-

181 4987 208 5052 a*
230 4987 263 5025 ue
279 4971 370 5054 fideles
385 4990 411 5028 iii
426 4984 585 5057 perp-tuum
602 4980 756 5046 retentavit,
776 4989 804 5036 et
817 4983 852 5038 ab
865 4983 906 5039 eis
917 4999 973 5040 riou
1024 5000 1086 5042 rare
1116 4985 1256 5055 rassagium
1269 4985 1341 5054 quod
1358 4985 1392 5041 de
1409 4985 1456 5040 illo
1471 4987 1697 5057 sapientissimum
1710 5000 1818 5048 constat

183 5040 219 5094 ”¹
232 5057 247 5096 ³
267 5043 368 5098 “muti
382 5053 511 5115 ⁸¹¹⁸oel'1'e
1024 5000 1167 5127 proruisse
1190 5053 1328 5109 Caroluni.
1343 5053 1410 5109 Nam
1423 5071 1484 5110 curn
1496 5064 1576 5112 natus
1588 5067 1617 5113 et
1630 5073 1677 5114 sex
1696 5061 1775 5116 arinis
1788 5061 1816 5117 in

466 5134 580 5192 CAPUT
606 5137 675 5192 xlv,
1024 5129 1105 5182 domo
1113 5123 1200 5194 patris
1211 5123 1367 5179 cautissime
1379 5124 1498 5182 nutritus
1509 5128 1691 5198 sexagenariis
1701 5130 1817 5187 bomini-

1023 5196 1076 5251 bus
1092 5193 1239 5265 sapientior
1256 5193 1327 5249 baud
1345 5194 1481 5252 immerito
1497 5197 1642 5264 videretur,
1657 5200 1763 5271 genitor
1775 5202 1817 5257 iii-

446 5316 452 5330 ·
673 5322 679 5334 ‚
896 5329 901 5339 ⁹
1024 5263 1254 5336 dulgeiitissimus,
1277 5264 1324 5334 qui
1344 5265 1397 5321 boc
1418 5266 1547 5339 virargre
1562 5272 1727 5339 exspectarit
1741 5272 1816 5328 utari

216 5312 302 5396 Porro
325 5323 416 5398 autem
445 5327 594 5388 imperator
623 5338 680 5393 rrgi
706 5323 850 5408 Persarum
875 5327 975 5384 direxit
1024 5335 1251 5404 conspectumavi
1266 5349 1328 5390 eum
1345 5336 1494 5417 perducere
1510 5339 1652 5410 potuisset,
1676 5357 1818 5399 assumens

182 5393 301 5465 nuntios,
317 5400 362 5466 qni
376 5386 514 5469 deterrent
525 5405 610 5460 equos
622 5400 649 5446 ct
661 5393 748 5475 mulos
761 5395 903 5466 ltispanoi,
917 5400 974 5470 pal·
1024 5419 1138 5474 puerum
1163 5419 1179 5459 a
1197 5412 1284 5459 aratra
1305 5405 1496 5463 delicatissime
1521 5416 1646 5466 curatum
1667 5412 1749 5483 coepit
1777 5413 1819 5468 iii·

181 5453 272 5525 ltaque
280 5453 420 5511 i'risouica
431 5458 504 5527 alba,
516 5476 595 5529 caria,
608 5465 796 5534 vermiculata,
811 5467 853 5523 rel
864 5470 975 5540 sappiri-
1024 5484 1130 5531 struere
1142 5490 1223 5545 quam
1243 5475 1313 5532 serio
1335 5475 1468 5547 relquam
1487 5478 1611 5537 timorate
1624 5489 1688 5539 aute
1700 5482 1818 5555 impera-

219 5596 232 5625 ·
246 5585 307 5651 ils,
320 5585 405 5644 lero.

220 5654 234 5695 ὓ
252 5657 331 5713 Vitio.
350 5657 408 5712 Ecl.
425 5678 445 5716 r.

217 5725 333 5801 ‘leget
347 5732 503 5804 praecipitat.
520 5733 622 5789 Liicair.
638 5736 684 5792 lib.
700 5753 746 5793 ri:

224 5819 228 5825 ·
538 5812 731 5880 libuiauuiiiqiie
744 5827 880 5872 morantem

245 5262 247 5268 ,
308 5221 421 5278 Munera
436 5223 527 5281 Caroli
546 5225 679 5299 adceperit
694 5229 847 5285 Persarum.

1148 5610 1310 5675 Praecipitavit
1325 5613 1394 5664 irai.

1026 5681 1091 5738 Cis.
1107 5683 1162 5737 Sic.
1175 5691 1203 5737 ct
1216 5699 1267 5737 ms.

1059 5751 1072 5791 d
1085 5751 1105 5806 F
1108 5752 1285 5834 ort.·,·lriioirir.
1301 5753 1367 5811 (liu.
1382 5758 1429 5814 scd
1442 5758 1538 5816 uielius
1551 5759 1585 5818 ilc
1599 5761 1711 5838 singtilis

1027 5821 1069 5879 iel
1081 5838 1194 5893 mansis,
1206 5830 1236 5879 ut
1246 5822 1328 5882 babet
1339 5826 1400 5886 cod.
1413 5844 1465 5889 ms.
1484 5830 1564 5890 Bisir.
