4050 6192
270 289 321 346 utu
707 291 737 348 b.
756 293 882 350 cauum
900 292 1008 350 HAGNl
1026 292 1103 351 OPP.
1122 295 1212 351 Palus
1230 296 1250 351 Ι.
1271 293 1392 353 SECTlO
1409 296 1452 353 lll.
1672 247 1676 254 ι
1833 307 1878 367 ιιι

270 397 327 452 lsnn
345 414 411 455 uero
433 399 633 485 singularitatis
667 417 755 458 cauum
778 404 886 459 aliunde
909 407 1061 489 quaerendae
1076 412 1100 465 Α
1118 421 1182 460 uum
1197 406 1271 462 istud
1280 406 1397 477 diploma
1410 408 1463 464 tela
1476 409 1564 465 serica
1577 424 1688 467 aureum
1700 414 1817 484 scripura
1826 434 1881 490 pro·

271 477 347 550 sunt.
366 469 579 527 Ludorreranum
593 472 695 528 scilicet
709 473 826 544 diploma
838 489 954 546 proprius
967 492 1064 533 manus
1115 486 1231 545 tegente,
1247 478 1411 543 obvolutum,
1430 494 1463 534 ac
1476 481 1540 535 tubo
1559 496 1593 536 ex
1606 481 1680 536 tenui
1692 485 1785 544 metalli
1795 486 1881 547 tanim

272 541 420 623 signaculo,
438 549 466 595 et
477 543 636 611 optimatum
654 544 898 615 subscriptionibus
909 547 1065 602 roboratum
1115 547 1247 602 inclusum
1272 547 1478 621 diligenussians
1506 560 1630 606 serrator
1647 552 1675 608 in
1691 557 1825 623 apostolico
1842 576 1881 616 ar·

248 605 366 678 ΙΟιιοιιι
380 621 407 665 et
426 611 543 668 ilenrico
563 613 712 685 erensplnm
727 616 851 687 praebuit,
875 618 947 686 quod
968 631 1066 689 seque·
1115 619 1194 673 clsiro
1211 617 1288 673 llolis
1304 618 1438 684 Adriane,
1458 627 1486 675 et
1508 628 1550 677 est
1567 620 1730 690 hujusmodl:
1745 623 1883 690 lleusbraus

273 689 378 763 rentur.
395 679 437 736 ald
456 681 573 764 sigillum
584 699 648 738 rcro
662 690 733 754 quod
749 687 855 752 attinet,
873 703 934 742 cum
948 689 1066 745 Ludos-i-
1114 688 1229 758 oblonga
1253 690 1344 744 colore
1366 703 1502 759 purpureo
1522 692 1658 748 introrsus
1671 692 1773 758 iniecta,
1789 698 1883 757 modion

271 764 321 803 cus
343 750 458 834 diploma
484 752 549 808 illud
577 755 680 809 dederit
708 757 734 810 in
761 766 894 813 conuentu
919 757 1066 829 Aquisgra-
1114 773 1175 814 cnm
1192 767 1290 814 ornatu
1302 760 1329 814 in
1355 769 1471 830 utroque
1484 763 1615 833 margine,
1630 763 1720 818 aureis
1737 765 1825 823 litteris
1835 784 1884 824 na·

272 834 360 886 nenss,
394 821 574 906 liliorumque,
603 826 800 896 cpiscoporum,
819 829 956 893 abbatum,
981 830 1066 885 corui·
1114 843 1195 897 gnam
1209 839 1315 900 partem
1338 831 1535 886 nostrisetiam
1560 833 1656 888 dielus
1679 832 1840 893 lucidissimis
1849 839 1886 894 ln·

275 897 386 973 tumet
402 892 553 947 ciliciorum
583 896 674 964 palatii
700 896 817 967 diploma
846 898 1064 954 condrrnantinm
1114 899 1223 970 scripta,
1240 914 1255 954 a
1273 902 1362 969 primo
1374 901 1408 955 ad
1426 901 1549 957 ultimum
1563 903 1745 973 scriptionem,
1760 908 1884 963 racadua·

272 963 552 1041 nommibuspropn'm
566 982 661 1020 nsanos
678 968 902 1038 subscriptionem
912 984 1067 1039 praeposue-
1113 977 1191 1024 tasas
1200 969 1416 1041 interpunctione
1427 986 1581 1028 semronena
1590 974 1740 1040 dirimente,
1751 977 1884 1034 continuat.

271 1038 317 1094 ιιι,
341 1032 413 1113 nulla
429 1033 508 1103 sigilli
528 1036 664 1092 ssrcntionc
679 1037 781 1102 babitu,
807 1040 858 1094 bac
879 1048 983 1094 tarrtum
994 1040 1021 1094 ln
1035 1054 1065 1095 re
1114 1038 1174 1094 Non
1189 1039 1287 1096 litteras
1300 1040 1468 1112 grandiores,
1479 1051 1510 1095 ut
1524 1044 1608 1099 neoris
1620 1053 1670 1106 est,
1686 1045 1713 1099 in
1724 1045 1885 1113 inromtione,

270 1097 362 1156 Ottons
375 1110 403 1156 et
415 1102 531 1159 ilenrico
559 1105 692 1177 integrum
716 1107 767 1161 luit
791 1123 840 1163 suo
863 1109 944 1164 modo
971 1124 1062 1180 agere.
1114 1125 1168 1164 uon
1192 1125 1395 1182 monogramma
1417 1121 1575 1167 consuetum
1589 1114 1615 1168 in
1630 1113 1693 1178 llne,
1710 1130 1763 1170 non
1785 1116 1889 1186 denique

271 1169 451 1237 Quamobrem
470 1172 533 1229 Otto
548 1173 713 1232 Francorum
727 1180 949 1233 consuetudinem
965 1179 1065 1235 imitari
1114 1180 1268 1235 cancellarii
1293 1181 1441 1250 recognitio
1463 1191 1586 1253 apparet.
1607 1182 1661 1238 Sed
1681 1184 1767 1240 omnia
1782 1185 1888 1242 indicant

270 1240 377 1325 maluit,
410 1258 471 1298 uam
497 1255 656 1301 consuetum
671 1247 848 1303 siblmorcm.
866 1248 895 1304 ln
919 1249 1065 1320 Spicilegio
1115 1250 1324 1306 ludovicianum
1352 1252 1491 1322 exemplar
1514 1267 1575 1308 esse
1587 1254 1736 1309 adhibitum
1752 1255 1778 1309 in
1793 1253 1889 1311 Ottnuis

269 1308 377 1376 Acheru
391 1257 471 1395 (item.
485 1315 515 1379 ll,
532 1330 558 1384 p.
571 1316 622 1369 tbi
645 1317 933 1439 seqq.l156plura
956 1318 1065 1375 Ottonis
1115 1329 1142 1374 et
1156 1321 1266 1377 ilenrici
1288 1321 1479 1390 diplomatibus
1505 1324 1660 1379 exarandis.
1692 1323 1784 1379 Forma
1806 1325 1888 1382 clara·

270 1383 497 1451 exemplanda-re
519 1393 560 1439 est
584 1401 637 1440 raon
658 1387 730 1442 bula
758 1389 869 1454 utentis,
896 1388 943 1444 scd
965 1389 1063 1460 sigillo,
1115 1391 1198 1446 cteris
1213 1391 1395 1461 nequidquam
1419 1392 1550 1460 queritur
1575 1395 1603 1447 in
1622 1396 1728 1448 ceteris
1751 1392 1891 1450 Ottnnlauls

271 1465 331 1574 ἓιιιι
344 1468 388 1508 rcs
395 1453 552 1534 chronologi
560 1454 739 1514 Gotnicensis
747 1456 898 1513 doctrinam
910 1461 1063 1514 eontirmat.
1111 1459 1189 1531 juxta
1205 1463 1371 1530 specimena
1391 1459 1578 1531 Papebroclsio
1598 1463 1747 1519 exhibitum
1769 1463 1891 1536 (Bouana.

195 1539 198 1543 ⁴
295 1519 402 1576 lossarir
424 1533 514 1605 autem
543 1525 723 1606 illustratores
751 1528 908 1594 observant,
937 1528 1064 1585 ottonem
1114 1530 1200 1600 April.
1221 1539 1286 1585 tom.
1300 1531 1331 1596 ll,
1350 1545 1377 1601 p.
1393 1531 1427 1585 ιι
1453 1531 1600 1588 similitudo
1615 1533 1733 1587 maxima
1751 1534 1858 1588 babetur
1868 1535 1891 1589 iu

270 1587 395 1659 llagnum
412 1607 533 1675 omnium
547 1596 670 1651 ulnmum
687 1597 767 1653 lmlbu
780 1600 959 1668 appellatione
983 1614 1064 1654 usum
1115 1599 1260 1670 diplomate
1284 1600 1390 1656 ottonis
1401 1600 1423 1655 ll
1447 1611 1563 1672 quantuor
1580 1612 1608 1659 et
1622 1603 1734 1674 triginta
1750 1610 1894 1673 postianm

269 1673 338 1726 esse,
369 1665 442 1732 quod
469 1665 549 1735 hugus
572 1666 727 1736 diplomatis
752 1670 914 1732 auctoritate
938 1684 1062 1740 compro·
1115 1670 1178 1726 dato
1192 1671 1219 1725 in
1233 1670 1328 1726 eadem
1353 1671 1481 1727 hacurbe
1505 1673 1590 1728 llomn
1606 1688 1657 1742 pro
1671 1672 1783 1729 ecclesia
1794 1681 1891 1727 sarseto·

269 1727 359 1785 batur.
1115 1755 1176 1795 rum
1190 1739 1321 1796 Bonilaoii
1339 1747 1367 1794 et
1381 1739 1478 1804 Aleail,
1498 1743 1570 1812 quod
1582 1743 1760 1813 opportunius
1778 1742 1892 1804 indicabo

306 1798 389 1881 Χιιι.
418 1802 570 1886 thundum
596 1821 662 1861 sane
686 1815 754 1873 erat,
780 1817 809 1863 ut
836 1809 1062 1879 quemadmodum
1079 1809 1236 1884 Bldisscrt.
1256 1811 1283 1874 6,
1300 1826 1327 1865 n.
1344 1810 1399 1882 ll).
1420 1811 1460 1866 lla
1483 1811 1613 1867 litterulis
1637 1812 1774 1869 mnnube
1795 1811 1893 1868 ercide-

265 1879 417 1948 prctrnsum
431 1875 503 1930 sstud
526 1876 694 1945 antiquitatis
709 1887 912 1934 monumentum
925 1895 958 1933 cr
973 1879 1062 1936 ierreo
1114 1890 1187 1946 runt,
1201 1880 1338 1938 nonnullus
1354 1880 1381 1934 iu
1399 1882 1489 1951 aliqua
1511 1882 1553 1937 sui
1577 1892 1657 1953 parte
1678 1881 1828 1938 detrimenti
1851 1880 1894 1935 ali·

268 1937 315 1992 sllo
332 1941 430 1997 seculo
441 1959 490 2012 per
514 1953 554 2000 tot
568 1955 668 2002 sancte
685 1949 757 2003 seriis
771 1949 844 2004 uices
865 1950 899 2003 ad
912 1964 962 2003 nos
975 1964 1061 2020 nsque
1114 1951 1179 2021 quid
1197 1965 1283 2022 passas
1306 1958 1378 2005 sunt.
1399 1950 1501 2006 Verum
1526 1951 1688 2007 duodecimo
1706 1951 1786 2007 otians
1805 1951 1894 2005 seculo
1980 2013 1981 2018 η

267 2022 345 2091 seros
366 2021 499 2093 postems
523 2017 655 2085 perrcnlt,
675 2016 775 2072 bullam
802 2034 919 2089 quoquc,
946 2034 1006 2088 quae
1021 2018 1060 2074 illi
1113 2022 1226 2076 detritas
1241 2020 1326 2076 luisse
1346 2020 1450 2091 aliquas
1468 2028 1584 2077 testasnr
1610 2022 1737 2088 Albinus,
1760 2021 1805 2090 qui
1826 2019 1894 2075 llttu

266 2088 418 2163 certissime
444 2097 549 2140 annexa
576 2095 653 2152 erat,
678 2086 858 2156 praeseferret.
886 2087 954 2145 Cum
987 2091 1060 2145 enim
1112 2106 1175 2145 nem
1189 2099 1267 2146 uocat
1288 2089 1439 2156 Octonem3
1459 2105 1522 2146 narn
1547 2091 1607 2147 dure
1624 2092 1685 2147 istae
1702 2092 1827 2147 litterae
1850 2099 1894 2144 ott

266 2145 430 2233 Godcindus
445 2151 555 2224 (Clsron.
578 2154 661 2211 Gotro.
677 2157 695 2210 l.
716 2173 747 2224 n,
761 2172 786 2213 e.
807 2159 833 2226 t)
857 2162 994 2215 annotarit
1005 2161 1061 2215 dis-
1112 2160 1215 2216 similes
1230 2162 1341 2217 omnino
1358 2170 1421 2216 sunt
1443 2160 1556 2228 inienio,
1577 2163 1653 2218 tenui
1676 2169 1781 2217 tantum
1795 2159 1897 2215 linesin

264 2233 369 2302 eumen
387 2231 457 2279 anter
474 2226 550 2294 regia
575 2235 603 2282 et
617 2226 765 2297 imperialia
785 2227 892 2285 ottonis
914 2230 1012 2299 sigilla,
1025 2245 1059 2285 ex
1112 2231 1245 2300 superiori
1259 2238 1336 2300 parte
1354 2230 1434 2285 istam
1449 2232 1484 2286 ab
1499 2231 1545 2286 illa
1565 2240 1737 2289 secernente.
1756 2230 1897 2287 Numidcss

266 2284 341 2368 bulla
355 2301 408 2347 usta
434 2295 583 2351 doctissimi
599 2297 649 2352 riri
663 2298 814 2352 observatis
829 2299 906 2365 fides,
928 2300 956 2354 ni
970 2297 1060 2366 fallor,
1114 2302 1235 2357 creuerit
1247 2302 1346 2355 dicioni
1359 2309 1421 2372 post
1436 2300 1580 2358 albiniana
1598 2312 1732 2372 tempom,
1758 2315 1817 2371 que
1834 2312 1896 2354 sent-

265 2357 372 2439 afbecta
386 2370 477 2444 ⁸esset.
497 2364 632 2422 Preterea
656 2367 728 2437 quod
751 2367 935 2426 liabillouium
963 2370 1063 2440 legisse
1112 2372 1199 2441 penlo
1220 2371 1314 2426 ituria
1332 2371 1510 2442 autographo,
1536 2373 1682 2429 incertum.
1702 2371 1816 2427 Albinus
1826 2368 1899 2423 ditis·

263 2427 372 2508 arebam
384 2447 412 2488 m
425 2434 499 2518 dod..
515 2434 716 2519 Qttobenlano:
740 2457 749 2489 ι
765 2437 824 2493 Non
846 2449 889 2495 est
903 2438 1061 2511 sigillatum,
1113 2457 1172 2495 nem
1187 2388 1286 2512 nisique
1297 2442 1396 2510 posuit.
1416 2440 1476 2495 lam
1491 2457 1557 2498 rero
1580 2443 1735 2525 pretiosum
1745 2443 1799 2497 boc
1814 2452 1901 2517 mons·

264 2492 329 2553 lueet
337 2514 371 2556 ιι
386 2509 480 2562 tenore
492 2520 576 2574 rpsrus
589 2516 717 2577 appareat
726 2508 798 2577 quod
809 2509 900 2565 debuit
912 2509 1034 2580 sigillari,
1050 2531 1060 2565 s
1113 2520 1233 2566 mentum
1248 2511 1358 2567 lectoris
1384 2512 1471 2568 oeulis
1483 2526 1518 2567 ex
1533 2512 1682 2568 albiniano
1707 2512 1809 2576 codice,
1826 2518 1852 2564 et
1866 2522 1900 2561 ss·

265 2564 340 2625 bulla
353 2572 448 2630 eadem
460 2575 649 2633 confirmatum
672 2574 778 2634 luisset.
794 2577 930 2635 Ceterum
942 2577 1064 2637 Ottonia·
1095 2644 1097 2649 .
1113 2582 1169 2636 mul
1184 2597 1215 2637 ca
1230 2583 1397 2652 autographo
1414 2580 1566 2651 subjiciam.

945 2720 1249 2740 m

621 2808 727 2880 157¹
748 2807 941 2866 ROEMPLUM
959 2806 1144 2865 PulvltEGll
1162 2806 1311 2866 orturus
1328 2808 1565 2868 luruuarorus

780 2955 813 2994 aa
833 2953 979 2994 morsurus
997 2951 1085 2993 asaro
1102 2950 1190 2991 aurun
1207 2952 1344 2994 concessis
1363 2938 1389 2993 b,

299 3071 328 3126 ln
340 3071 451 3125 nomine
468 3071 574 3127 Domini
588 3071 635 3127 bei
650 3072 845 3142 omnipotentis
857 3070 957 3138 Patris,
971 3079 1000 3127 et
1010 3070 1093 3136 rte
1108 3069 1253 3126 Castellum
1267 3069 1407 3136 Gallisem,
1419 3069 1524 3136 0rtem,
1535 3070 1750 3134 Polimartium,
1759 3071 1899 3140 Ameriam,

263 3142 303 3206 lii,
328 3149 357 3197 et
383 3138 502 3209 Spiritus
513 3142 610 3197 sancti.
631 3141 690 3213 Ego
709 3138 776 3198 Octo
792 3140 878 3286 [Otto]
905 3141 1055 3211 deigratia
1108 3139 1222 3206 Tudam‚
1248 3138 1390 3194 Pemsiam
1416 3156 1478 3196 eum
1504 3142 1592 3197 tribus
1616 3142 1720 3199 insulis
1736 3143 1803 3208 suis,
1827 3144 1904 3201 idest

263 3213 412 3281 imperator
433 3211 502 3280 Aug.
517 3227 651 3277 unacum
666 3211 769 3269 Octouo
803 3210 913 3284 ottone]
937 3211 1054 3283 glorioso
1106 3208 1236 3278 maiorem
1250 3208 1375 3282 [ma'ore]
1390 3218 1418 3265 et
1430 3213 1550 3275 minore,
1564 3212 1712 3282 pulvensin
1729 3210 1902 3287 [Pulsenslm]

262 3293 327 3350 rege
339 3281 395 3337 lilio
409 3291 513 3349 nostro,
532 3282 623 3337 diuina
635 3284 777 3338 ordinante
792 3283 960 3353 providentia
975 3296 1054 3351 spon-
1106 3279 1234 3335 Narniam
1248 3289 1275 3335 et
1288 3226 1439 3344 [fericulum
1456 3296 1517 3335 cuns
1528 3282 1658 3338 omnibus
1671 3284 1775 3338 linibus
1787 3292 1814 3339 ct
1826 3286 1901 3339 terri·

262 3353 359 3407 aternus
370 3360 450 3421 atque
460 3353 642 3422 promittimus
656 3368 705 3422 per
714 3353 766 3409 lanc
786 3362 895 3423 pactum
910 3351 1055 3409 confirma·
1107 3350 1184 3405 toriis
1195 3351 1318 3420 adsupra
1329 3350 1580 3420 scriptascirltates
1591 3353 1832 3421 pertinentibust.

262 3422 345 3477 tionls
358 3429 450 3478 nostre
461 3422 509 3477 tibi
533 3423 613 3479 beato
626 3422 717 3488 Petro,
736 3422 851 3493 principi
870 3421 1054 3492 apostolorum
1142 3419 1224 3491 158
1237 3420 1293 3475 Nec
1306 3436 1358 3474 non
1373 3420 1550 3475 exarchatum
1562 3420 1755 3477 Rauennatem
1771 3425 1821 3479 sub
1839 3423 1902 3478 inte·

261 3500 291 3546 et
310 3492 445 3561 derigere
465 3492 541 3562 regni
558 3493 689 3558 celorum,
712 3503 740 3547 et
759 3508 809 3564 per
830 3503 856 3549 te
877 3492 980 3547 ricario
1005 3500 1052 3547 tuo
1105 3492 1275 3561 gritasecurn
1289 3489 1412 3555 urbibus,
1428 3490 1592 3554 civitatibus,
1604 3492 1717 3574 oppidis
1732 3499 1761 3548 et
1774 3492 1899 3555 castellis,

262 3563 352 3617 donno
369 3561 485 3617 lolianni
503 3578 609 3618 summo
634 3563 763 3632 pontilici,
791 3572 819 3618 et
836 3562 982 3619 uniuersali
1004 3561 1054 3617 XX
1104 3575 1158 3686 zue
1186 3562 1229 3632 pie
1255 3560 1450 3616 recordationis
1475 3560 1580 3616 donnus
1598 3560 1735 3642 Psppipus
1758 3573 1788 3619 et
1803 3564 1904 3619 donum

262 3630 333 3704 [illl]
358 3646 426 3702 pape
448 3631 518 3687 sicut
541 3649 557 3689 a
583 3634 821 3703 predecessoribus
841 3632 940 3688 restris
967 3647 1054 3701 usque
1127 3631 1199 3686 arlus
1222 3630 1441 3687 excellentissimi
1467 3629 1658 3700 imperatores,
1697 3634 1902 3703 predecessores

261 3713 334 3756 nunc
346 3702 373 3757 lu
385 3709 474 3757 restra
485 3711 618 3772 potestate
632 3719 665 3759 ac
675 3704 776 3759 ditione
788 3703 914 3760 tenuistis
924 3711 951 3757 et
963 3703 1055 3772 dispo-
1104 3700 1231 3757 uidelicet
1245 3700 1342 3764 nostri,
1360 3701 1440 3755 beato
1456 3698 1537 3755 Palm
1547 3701 1676 3771 apostolo
1689 3711 1719 3757 et
1731 3704 1903 3773 predecesso-

261 3772 365 3835 snistis,
388 3772 525 3829 ciuitatem
540 3774 689 3829 Romanam
703 3789 764 3830 cum
778 3775 877 3829 ducatu
887 3789 936 3828 suo
949 3783 976 3826 et
989 3772 1054 3828 sub·
1104 3771 1180 3826 ribus
1191 3769 1350 3839 vestrisjasn
1363 3770 1462 3826 dudum
1472 3770 1691 3840 perdonationis
1706 3773 1835 3845 paginam
1845 3787 1904 3826 onn-

259 3842 371 3897 urbanis
385 3843 459 3909 suis,
488 3844 678 3913 atquericulis
693 3845 821 3900 omnibus
844 3842 894 3916 [et]
910 3841 1054 3898 territoriis
1105 3841 1309 3898 tulerunttlsoc
1325 3847 1368 3895 est
1391 3840 1528 3895 ciuitatem
1551 3840 1728 3906 Rauennam,
1742 3851 1771 3897 et
1783 3840 1903 3896 Emiliam

258 3911 319 3983 ejus
345 3914 481 3969 montanis
503 3929 536 3969 ac
548 3914 701 3980 maritimis,
720 3914 845 3970 litoribus
858 3929 891 3968 ac
910 3914 1052 3983 portubus,
1104 3910 1270 4036 [Eracliamp
1282 3910 1405 3974 libiam,
1417 3909 1559 3974 cesenam,
1571 3909 1679 3966 Forum
1691 3912 1796 3983 populi,
1809 3911 1903 3967 Futura

259 3998 308 4037 seu
326 3983 433 4038 rrsssctis
447 3984 612 4046 ciuitatibus,
638 3985 768 4050 castellis,
785 3985 892 4054 oppidis
905 4001 937 4039 ac
957 3983 1054 4037 riculis
1127 3978 1905 4062 ivil,l·'arentiam,lmolnmlisnmolamLBnnoniamJ'er·

259 4052 357 4107 'luscir
370 4055 503 4123 partibus.
515 4053 543 4108 ld
553 4063 595 4108 cst
607 4063 726 4123 partum,
735 4054 939 4118 centumcellas,
952 4067 1051 4116 errem,
1104 4052 1215 4116 ruriam,
1232 4049 1387 4106 Cnnsuclum
1404 4049 1606 4124 [Comriaelurn]
1622 4062 1652 4105 et
1668 4050 1809 4117 adrianis,
1826 4060 1903 4119 atqua

259 4121 378 4190 l'lcdam,
403 4122 536 4197 [bledam]
552 4123 757 4191 Martinianum,
786 4124 916 4190 Sutrium,
945 4137 1052 4192 saepem,
1103 4121 1246 4179 (labellum
1273 4135 1334 4177 curn
1349 4121 1474 4177 omnibus
1496 4119 1606 4185 duribus,
1635 4122 1800 4188 territoriis,
1828 4130 1903 4192 atqu

296 4269 309 4298 ι
325 4258 429 4313 Dantur
446 4257 519 4313 inter
530 4274 616 4314 uncos
625 4258 760 4317 conclusa)
774 4258 905 4315 lectiones
918 4255 1054 4313 uariantes
1104 4259 1193 4332 llagni
1207 4256 1326 4327 antiquis
1338 4256 1450 4319 clsartis,
1466 4254 1517 4309 lari
1530 4261 1623 4310 tamen
1641 4256 1766 4324 jactura.

260 4326 364 4383 codicis
387 4328 558 4399 autographi.
1141 4328 1198 4384 clu
1213 4327 1420 4385 conlirmatlone
1434 4325 1552 4396 antiquae
1565 4325 1683 4383 ditionis
1708 4335 1816 4383 sanct-‘e
1836 4327 1904 4381 seris
1959 4340 1962 4344 ’

297 4397 528 4468 lAntogrnpbum
555 4399 583 4454 in
608 4398 720 4455 archivo
744 4399 823 4455 nmis
845 4398 931 4454 saneti
956 4395 1051 4468 Argeli
1067 4400 1142 4473 Duil
1161 4408 1295 4455 mutatum
1313 4396 1415 4462 videas,
1429 4396 1554 4466 queuntis
1567 4396 1618 4451 ltu
1631 4398 1718 4453 anuis
1731 4396 1903 4453 Ottonluusna

258 4465 361 4521 nullum
373 4467 512 4536 praselert
521 4468 640 4524 titulum.
654 4469 760 4552 Apogra
781 4472 845 4525 burn
857 4469 955 4525 ibidem
963 4476 1053 4524 exstat
1106 4470 1222 4540 diploma
1235 4469 1341 4524 disteta
1355 4465 1556 4531 Lndorlciano;
1575 4474 1683 4535 praeter
1698 4467 1783 4525 rerba
1794 4467 1901 4536 aliquot

260 4537 288 4590 in
310 4536 383 4591 bulla
406 4537 496 4593 lnnoe.
516 4538 560 4604 lll,
592 4553 654 4593 uam
668 4541 741 4596 dedu
755 4487 877 4611 eugduui
898 4539 924 4594 in
938 4538 1053 4595 concilio
1105 4540 1259 4610 dequibus
1286 4537 1341 4594 diri
1367 4538 1395 4591 in
1423 4536 1629 4600 dissertatione,
1654 4538 1772 4593 intactis
1798 4538 1832 4592 lis
1866 4549 1905 4590 ue

260 4622 289 4686 ιιι
302 4604 340 4660 ld.
357 4604 410 4660 lul.
424 4617 499 4676 pant.
520 4554 596 4664 aas}
609 4624 657 4664 seu
677 4608 748 4664 late
768 4610 840 4666 bulla
855 4610 981 4680 plumbea
994 4624 1053 4663 mn·
1104 4625 1237 4666 sunsmam
1250 4608 1395 4677 attingunt,
1421 4603 1571 4676 cuiusmodi
1593 4615 1661 4661 sunt
1675 4551 1903 4689 principiumque

258 4689 343 4730 uuam
355 4687 382 4731 et
396 4693 429 4731 ιι
443 4678 614 4746 praelatorum
626 4680 732 4750 sigillis.
740 4680 867 4751 Ejusdem
873 4680 949 4750 plura
961 4695 1054 4735 esem·
1104 4680 1246 4737 doriciano
1254 4677 1342 4733 simile
1354 4676 1410 4747 Ego
1429 4675 1499 4740 Orto,
1514 4689 1649 4730 reuocans
1663 4679 1825 4748 antiquiora
1838 4682 1902 4729 tem·

257 4745 300 4815 pla
316 4748 590 4812 similialieriroluit,
604 4765 718 4820 quornm
740 4751 869 4807 nonnulla
892 4749 1053 4805 subarctis-
1103 4765 1180 4820 pora,
1204 4760 1228 4805 et
1251 4749 1346 4804 sicutn
1371 4744 1605 4819 predecessoribus
1633 4749 1743 4811 uestris,
1822 4744 1903 4799 tiliois

257 4816 326 4896 sinna
341 4818 464 4873 custodia
476 4818 504 4872 in
524 4820 636 4875 arcbiro
652 4821 824 4877 cluniacensi
851 4828 957 4876 seruata
973 4835 1002 4875 se
1013 4820 1053 4874 ri·
1104 4837 1195 4876 rerum
1204 4820 1329 4876 dontinus
1343 4816 1487 4885 designans
1504 4816 1552 4940 Hui
1570 4814 1711 4897 loannem
1733 4817 1768 4872 xl
1790 4825 1902 4941 Brasaca-

257 4887 330 4941 disse
348 4896 464 4943 testatur
491 4888 617 4945 llabillou
632 4890 679 4963 (lt.
698 4890 762 4946 ltol.
780 4899 852 4962 part.
866 4904 887 4958 ι,
904 4905 930 4960 p.
949 4890 1006 4961 bu).
1024 4889 1052 4945 ln
1103 4898 1205 4955 serant,
1226 4888 1451 4960 quemadmodum
1464 4884 1502 4939 Lu
1522 4885 1617 4940 oricus
1632 4887 1776 4943 indicarat
1812 4882 1903 4939 asciss-

257 4958 354 5010 cndenr
372 4959 484 5014 arclsiro
507 4963 690 5031 apographum
708 4976 756 5016 seu
780 4969 981 5032 transumptum
1004 4960 1053 5016 0t-
1103 4961 1137 5015 lis
1148 4961 1372 5031 predecessores.
1380 4955 1539 5011 'Cistiben'ui
1550 4955 1636 5010 ctiam
1649 4958 1772 5013 domtus
1783 4955 1902 5011 ciuitates

258 5027 359 5081 toninni
381 5029 470 5099 privil.
487 5039 577 5085 exstat
589 5033 623 5087 ab
640 5030 743 5088 loanne
755 5033 789 5088 de
805 5031 909 5087 ,lmelln
923 5047 985 5085 crim
1004 5033 1063 5102 tri·¹
1102 5032 1214 5101 aliquot,
1228 5031 1383 5099 Garnpnniae
1391 5026 1495 5082 scilicet
1507 5026 1651 5091 nomene,
1668 5042 1742 5097 quas
1755 5022 1902 5082 Ludorieat

256 5098 309 5152 bus
321 5099 436 5168 publicis
452 5101 567 5156 notariis
581 5101 681 5157 iactum
704 5120 714 5154 s
733 5103 830 5158 Assisii
848 5103 907 5158 loen
925 5099 1051 5156 Fratrum
1104 5107 1284 5163 recensuerat,
1299 5097 1408 5154 silentio
1420 5106 1629 5167 praetereuntur,
1639 5098 1739 5153 rossan
1751 5097 1815 5165 quia
1827 5092 1903 5148 uuas

258 5167 354 5223 llinor.
368 5168 395 5222 in
405 5170 506 5238 palatio
521 5172 622 5227 domini
632 5187 709 5244 pape
728 5193 737 5225 s
752 5187 797 5228 an.
814 5173 894 5238 1559,
912 5170 991 5242 jssssu
1002 5172 1053 5228 Be-
1101 5172 1211 5242 patelsat
1227 5169 1384 5238 Cassrpania,
1401 5168 1500 5238 quippe
1513 5183 1574 5238 qnae
1586 5169 1622 5222 ad
1636 5163 1731 5223 Lirim
1746 5180 1834 5236 usque
1846 5176 1904 5242 per·

258 5238 320 5295 ned.
342 5238 397 5305 Xll,
422 5255 484 5295 nam
500 5242 535 5295 ibi
557 5250 613 5296 tum
637 5244 763 5298 exstabat
790 5244 998 5313 autographum,
1024 5250 1052 5296 ct
1102 5243 1237 5298 ueniebat.
1253 5239 1388 5295 Praeterea
1403 5237 1503 5294 Patrlci
1527 5240 1560 5294 de
1577 5253 1634 5307 qua
1651 5238 1682 5294 in
1701 5239 1787 5301 liius,
1806 5241 1903 5290 urentso

257 5309 378 5364 dicitnr«
394 5312 524 5380 scriptum
548 5313 644 5368 litteris
669 5315 759 5370 aureis
783 5314 810 5368 lu
834 5313 929 5368 charta
952 5314 1053 5369 coloris
1102 5329 1156 5369 non
1174 5312 1316 5382 reperitur,
1331 5325 1348 5363 ι
1364 5324 1427 5365 stac.
1443 5308 1576 5364 incertum
1590 5323 1660 5363 num
1673 5325 1689 5364 a
1704 5306 1853 5364 saracems
1862 5316 1905 5356 ex·

257 5381 351 5435 violati
375 5382 490 5436 rubei.»
511 5381 622 5437 Summa
647 5391 879 5455 transumptorum
891 5384 1050 5450 consensio,
1102 5384 1158 5439 cisa
1172 5381 1264 5438 luerit.
1278 5380 1366 5448 Quare
1388 5394 1482 5435 omnes
1504 5378 1665 5448 Campaniae
1687 5379 1818 5435 ciuitates
1842 5384 1903 5426 tout

257 5450 382 5533 quamtis
393 5452 508 5508 dirersis
518 5454 684 5524 temporibus
694 5452 765 5511 iacta
776 5455 885 5519 luerint,
900 5463 1053 5524 transump-
1102 5455 1148 5509 illa
1177 5454 1305 5516 decorus,
1339 5467 1398 5505 casn
1428 5449 1585 5505 suburbanis
1612 5447 1902 5525 comprehenduntur·

257 5529 293 5574 tss
308 5520 413 5586 iisdem,
429 5532 457 5576 et
481 5524 566 5579 multo
590 5525 676 5595 magis
704 5525 881 5595 autographo,
906 5525 1051 5579 maximam
1101 5526 1223 5594 exceptis
1234 5522 1326 5591 Caieta
1340 5530 1367 5576 ct
1380 5521 1492 5585 l'ursdis,
1504 5535 1568 5575 nam
1582 5516 1653 5573 olim
1666 5520 1704 5575 ad
1726 5518 1903 5599 Campensem

258 5590 338 5644 tideus
351 5593 499 5647 mucillat:
519 5610 581 5665 quse
606 5595 735 5652 nimirum
759 5595 884 5667 coagruit
902 5593 968 5650 lonti
981 5595 1053 5650 usidc
1102 5597 1251 5651 lloruunam
1261 5609 1316 5649 non
1326 5592 1505 5662 pertinebant,
1513 5591 1637 5657 adeoque
1647 5589 1759 5659 antiqui
1766 5586 1903 5657 pus-ismi-

255 5660 382 5733 provenit
398 5671 544 5733 utrumqne
556 5665 684 5748 diploma,
705 5668 731 5723 id
746 5677 788 5723 est
799 5665 991 5726 Ludosiciann,
1004 5681 1053 5721 cu·
1102 5677 1153 5722 ctu
1171 5666 1243 5720 sedis
1259 5679 1312 5719 non
1326 5663 1463 5717 dicuntur.
1481 5663 1528 5717 scd
1539 5659 1658 5718 seorsim
1676 5654 1902 5718 nominantnrmt

254 5745 302 5799 qus
324 5732 519 5802 autographum
536 5738 618 5805 periit
641 5753 694 5793 una
723 5754 784 5794 cusu
804 5736 909 5806 Pippini
925 5745 950 5794 et
963 5736 1050 5793 Cerroli
1102 5737 1252 5792 ridebimus
1262 5734 1342 5805 quaudo
1354 5732 1434 5789 inira.
