4050 6192
154 397 208 457 bii
654 388 744 444 stant
762 385 932 444 cunutus.
951 415 987 427 —
1004 381 1275 442 cumcubuerit.
1737 383 1790 442 m

153 505 280 564 donimus
290 500 463 570 apostolicus,
475 506 502 555 ει
511 498 593 554 Pater
605 505 707 563 mater,
718 505 746 553 ει
755 505 852 552 macta
862 495 942 552 amad
959 495 1089 565 Aligitnr
1120 496 1205 552 libros
1229 495 1371 552 Carollnos
1395 512 1428 552 eo
1456 505 1566 554 anctore
1594 497 1710 567 scriptos
1735 513 1791 555 nori

154 576 337 631 &manorum
350 567 479 632 setosa,
497 577 527 625 ut
539 567 687 624 secundum
702 567 774 637 quod
790 566 945 622 continetur
996 564 1090 632 fuisse,
1111 568 1176 635 quia
1197 567 1390 623 iconomachos
1407 581 1460 622 nou
1480 568 1540 623 fnit.
1566 566 1667 622 Eadem
1693 569 1738 652 qul
1759 581 1792 639 pc

154 646 183 701 in
201 638 315 713 epistola
331 639 480 696 beatissimi
502 638 643 708 Gregorii,
661 653 741 706 quam
764 638 797 691 ad
814 636 945 691 Serenum
996 638 1130 692 mutantia
1143 645 1185 692 est
1205 638 1313 693 concilii
1329 636 1579 694 Francofordiensis
1592 646 1620 693 et
1634 651 1725 707 operis
1777 668 1791 679 -

156 712 350 771 Massiliensem
367 711 521 780 episcopum
545 708 661 772 direxit,
681 706 863 776 permittimus
882 706 949 760 ima-
998 707 1090 762 rolini.

155 785 232 856 gines
251 789 407 838 sanctorum
416 780 570 851 quicunque
583 793 630 834 eas
645 777 763 832 formare
774 776 917 839 soluerint,
934 794 944 827 r
1034 775 1137 842 Quarto
1152 778 1219 831 ratis
1235 775 1400 833 bellarmini.
1415 779 1443 833 in
1470 777 1585 835 coricifro
1600 777 1793 834 Gentiliacensi

155 863 209 910 etc.
229 851 306 919 Quod
319 850 443 905 ultimum
458 850 604 919 capitulum
617 848 645 902 iu
656 848 732 901 libris
741 846 874 901 Carolieis
892 860 948 899 non
997 847 1048 901 suh
1064 846 1180 917 Pippino
1203 847 1293 902 Caroli
1310 849 1397 918 llagni
1420 857 1505 919 patre,
1533 850 1689 905 Graecorum
1717 863 1795 904 crror

155 931 255 981 exstat.
280 922 372 991 ltaque
388 936 442 976 non
463 920 550 975 inanis
565 927 607 975 cst
626 915 791 985 conjectura,
807 916 948 971 Camliuos
997 923 1197 972 coouasacras
1209 919 1350 986 imagines,
1364 920 1543 989 presentibus
1564 919 1651 976 Graeci
1678 919 1796 989 impera-

155 994 240 1050 lihros
251 994 353 1063 aliquot
363 991 442 1046 annis
451 999 514 1045 aute
525 987 793 1045 Francclordiensem
804 988 946 1057 synodum,
998 987 1066 1041 toris
1074 988 1177 1057 legatis,
1185 987 1403 1054 confutatnsest;
1418 991 1635 1045 etadeoncilium
1642 990 1795 1044 llomamnn

154 1063 267 1136 iubente
277 1061 383 1127 Carolo,
396 1061 437 1115 rel
454 1076 487 1116 co
498 1060 580 1116 ctiam
600 1065 716 1114 narante
732 1071 852 1127 operam,
865 1056 949 1110 fuisso
999 1057 1050 1110 suh
1063 1057 1200 1125 Steprbano
1213 1073 1262 1128 pro
1271 1060 1445 1114 restituendis
1458 1057 1800 1131 imaginhoscelehratum

154 1131 334 1203 conscriptos,
346 1147 443 1200 ramnpe
451 1139 513 1199 post
526 1130 672 1185 triennium
683 1143 698 1181 a
710 1126 817 1182 Nieena
828 1126 947 1181 neurim
999 1127 1074 1181 misit
1087 1127 1201 1183 Carolus
1218 1130 1358 1184 duodecim
1373 1130 1519 1185 Gallicanae
1539 1130 1667 1187 Ecclesiae
1692 1144 1795 1197 praesu·—

156 1203 270 1275 spnodo,
283 1203 310 1257 id
323 1211 376 1266 est,
387 1217 459 1256 anno
471 1201 581 1257 circiter
592 1198 693 1254 Christi
710 1197 949 1266 septingentesimo
999 1195 1049 1250 les.
1070 1197 1162 1268 ltaque
1177 1199 1312 1254 immerito
1326 1201 1353 1255 in
1370 1201 1562 1256 iconoclastam
1585 1198 1796 1256 transformatur

155 1273 342 1344 rrmagesimo,
356 1280 387 1326 ut
399 1272 483 1341 ipsius
493 1268 714 1338 daretur-operis
726 1265 848 1335 prefatio
867 1273 950 1320 testa·
999 1266 1113 1323 Carolus
1133 1268 1252 1337 llagnns.

156 1355 212 1409 tur,
223 1351 367 1414 postquam
374 1351 434 1396 acta
442 1341 564 1410 septimae
576 1338 681 1462 spoodi,
696 1336 818 1393 ebraice
834 1336 861 1391 in
872 1336 949 1391 hati-
1037 1336 1297 1408 deponendorum
1311 1340 1501 1406 concedinmm
1512 1341 1629 1395 sedhine
1642 1351 1696 1394 non
1705 1338 1796 1409 seqni-

155 1431 222 1472 num
234 1414 373 1477 translata,
385 1414 413 1466 in
425 1412 525 1466 Gallias
536 1417 640 1479 perata
652 1418 725 1464 sunt.
737 1406 874 1472 Qumacta
887 1421 950 1461 enm
1000 1406 1185 1462 turfarolum
1215 1408 1340 1478 lingnam
1363 1419 1501 1464 auctorem
1513 1426 1567 1464 non
1586 1423 1646 1464 esse
1664 1410 1796 1464 libroruin

156 1482 406 1540 francofordiensis
421 1481 528 1537 concilii
551 1480 678 1534 Patribus
692 1476 904 1546 displicuissent,
917 1491 950 1532 ac
1000 1476 1199 1532 Carolinorum.
1216 1479 1247 1533 lli
1258 1481 1329 1533 enirn
1355 1480 1417 1534 iibri
1432 1479 1633 1535 Gallicanorum
1651 1478 1797 1549 praesulum

156 1571 189 1610 ea
208 1555 241 1610 dc
259 1569 288 1608 re
302 1553 446 1608 certiorem
466 1550 555 1607 dicere
567 1549 732 1604 Hadrianum
749 1562 845 1628 papam
859 1547 951 1602 decre
1000 1548 1164 1601 munorum
1186 1549 1341 1618 cuprimnnt
1355 1563 1388 1603 ae
1410 1549 1590 1620 propugnant,
1609 1549 1742 1618 imagines
1769 1547 1798 1603 ln

156 1625 275 1689 sissent,
293 1631 419 1692 excerpta
435 1621 511 1677 fuere
529 1637 563 1676 ex
580 1619 658 1674 libris
672 1617 806 1674 Carolims
823 1617 950 1672 lemniata
1001 1617 1109 1686 templis
1128 1616 1162 1672 ad
1187 1628 1324 1684 ornatum,
1337 1628 1365 1673 ct
1378 1618 1412 1673 ad
1434 1634 1526 1674 rerum
1564 1627 1684 1674 cstamm
1699 1631 1800 1673 mento

155 1695 285 1764 camnine,
302 1709 356 1748 nen
373 1694 467 1748 emero
481 1707 535 1761 qno
552 1692 578 1746 in
596 1690 667 1744 libro
680 1696 767 1751 eram,
782 1687 830 1742 sed
844 1702 899 1756 qao
914 1686 951 1740 ri·
1001 1686 1070 1740 riam
1086 1689 1243 1753 servandas,
1265 1705 1319 1745 non
1340 1703 1405 1745 rero
1433 1691 1516 1745 adora
1554 1705 1594 1744 ns.
1616 1687 1798 1756 Quamobrem

156 1781 216 1822 aum
234 1773 277 1819 est
297 1763 444 1826 collectori,
463 1763 567 1817 ordine.
585 1760 647 1814 ldco
661 1758 813 1829 Capitulum
828 1757 855 1811 id
872 1764 951 1812 vocat
1002 1771 1056 1810 non
1072 1756 1319 1816 rmnnornamrhr
1331 1760 1536 1816 iconomaclrunr
1551 1758 1664 1815 Carolus
1675 1756 1799 1828 Magnus,

156 1833 310 1894 Hadrianus
321 1833 398 1888 initio
409 1833 555 1903 hpologiae.
569 1831 604 1886 llt
613 1838 642 1883 ut
651 1837 703 1892 est,
717 1829 799 1883 libros
809 1827 951 1883 Carolims
965 1848 988 1908 Β
1002 1826 1053 1881 etsi
1068 1842 1162 1882 eorum
1176 1836 1315 1884 asseratur
1325 1838 1429 1885 auctor.

156 1903 286 1961 Ecclesiae
298 1904 444 1961 Gallicana
464 1912 492 1958 et
507 1900 675 1958 Germanice
691 1907 755 1953 tunc
774 1898 903 1966 temporis
917 1899 951 1954 de
1044 1895 1144 1962 Quinto
1169 1900 1236 1952 ratio
1266 1899 1429 1954 Beliumrini.
1457 1899 1570 1955 Carolus
1593 1907 1621 1955 ct
1645 1895 1800 1954 Hadrianus

156 1974 319 2045 imaginibus
331 1974 494 2029 seritemiarn
507 1972 634 2026 exhibere
652 1976 843 2032 cassaneam
857 1967 950 2023 mdem
1001 1981 1110 2036 semper
1132 1965 1210 2022 fuere
1223 1969 1448 2039 conjunctissimi,
1462 1968 1643 2038 defunctoque
1663 1967 1804 2024 lindriaco

158 2050 267 2100 tradant
287 2060 348 2115 quiae
364 2041 613 2099 francofordiensis
639 2040 768 2110 synodus,
789 2052 850 2106 quae
868 2035 952 2093 Jonas
1036 2036 1168 2107 itapbium
1189 2040 1279 2108 posuit
1298 2039 1421 2096 Carolus.
1441 2040 1493 2095 tis
1517 2040 1600 2111 igitur
1618 2038 1692 2096 credi
1710 2046 1800 2108 polest

157 2113 370 2180 Aurelianensis,
381 2130 442 2184 quae
451 2112 620 2184 hgobardns,
631 2126 692 2179 (paee
705 2108 868 2163 walafridus
878 2108 952 2162 Stra·
1002 2108 1079 2161 ilum
1090 2116 1145 2162 taor
1158 2109 1214 2164 acri
1232 2109 1303 2181 stylo
1313 2111 1341 2165 in
1352 2110 1490 2165 laudatum
1510 2107 1665 2181 pontificem
1675 2108 1801 2179 scripsis-

157 2185 202 2248 lm,
216 2200 276 2253 qaae
289 2184 450 2239 Parisiensis
463 2185 514 2239 sub
525 2181 662 2236 ludovica
676 2178 724 2234 Pio
737 2187 896 2234 coenemus.
1002 2192 1049 2240 se,
1065 2177 1230 2248 alteriusque
1239 2179 1323 2235 hrisse
1338 2179 1400 2235 ndei
1416 2188 1443 2236 et
1458 2181 1604 2250 religionis.

193 2253 270 2309 Nunc
287 2256 427 2310 euellenda
450 2270 484 2310 ae
506 2251 639 2306 diluendae
653 2250 805 2306 ilcilarrnini
821 2250 951 2313 rationes,
1039 2246 1193 2319 Responsio.
1209 2249 1267 2307 Etsi
1282 2250 1497 2318 corrjunctissimi
1513 2250 1624 2308 frrcriut.
1640 2248 1799 2319 sequitumo

157 2324 256 2392 quibus
269 2326 383 2394 probare
393 2324 445 2379 sihi
455 2324 530 2379 risus
540 2330 582 2378 est
593 2321 676 2376 libros
690 2320 750 2375 illos
760 2333 814 2373 nea
827 2319 951 2374 aCarolo
1003 2318 1222 2386 imperatorema
1235 2321 1364 2391 pontifice
1378 2321 1412 2376 de
1429 2320 1504 2376 eultn
1519 2321 1666 2391 imaginum
1680 2334 1734 2374 non
1746 2318 1801 2374 dis

158 2393 265 2463 llagno,
283 2395 331 2450 sed
347 2394 482 2463 abaliquo
497 2392 624 2449 hereneo
641 2391 758 2459 scriptos
770 2403 840 2444 ease.
862 2388 952 2444 friam
1003 2388 1139 2444 sensisse?
1151 2388 1232 2445 Certe
1243 2391 1396 2447 Ludoricus
1410 2391 1475 2446 Pius
1486 2389 1726 2461 conjunct-issimus
1741 2394 1802 2444 erat

158 2473 201 2522 cst
235 2465 288 2520 uod
303 2463 532 2520 exstctlladriani
551 2461 584 2517 ad
600 2460 726 2516 carolum
743 2460 877 2529 apologia,
900 2474 953 2529 qua
1003 2457 1172 2528 hoschiah,
1188 2475 1272 2530 aquo
1288 2462 1417 2517 tamenin
1434 2458 1803 2532 eademqumstionedissen-

159 2531 217 2589 refe
255 2542 319 2589 ntur
332 2550 340 2589 :
352 2550 386 2590 er
399 2550 453 2604 qua
471 2533 629 2602 intelligitur
648 2532 657 2585 i
680 2546 722 2586 'os
739 2531 774 2585 ab
794 2531 887 2598 aliquo
900 2531 954 2585 hae-
1003 2529 1052 2593 sit,
1066 2537 1097 2582 ut
1115 2544 1149 2584 cx
1167 2530 1236 2587 actis
1253 2531 1360 2588 coarcdii
1380 2531 1543 2588 Parisicnsis
1557 2539 1725 2601 compertum
1749 2536 1802 2585 cst.

159 2603 245 2661 rstica
258 2606 432 2675 compositos,
449 2613 476 2660 et
490 2620 506 2659 a
518 2602 615 2659 &rulo
631 2616 647 2656 a
675 2600 831 2672 mendosas
844 2601 953 2665 missos,
1005 2598 1083 2681 Sictu
1093 2613 1157 2669 ergo
1172 2599 1325 2659 Ludoricus
1337 2602 1402 2658 Pius
1417 2601 1542 2658 ieremias
1555 2611 1582 2659 et
1594 2600 1669 2657 lone
1683 2598 1802 2656 Gallica-

160 2683 191 2731 nt
207 2675 274 2744 ipsis
287 2675 474 2745 responderet.
1005 2684 1049 2724 ms
1065 2669 1199 2742 episcopis
1216 2672 1243 2727 in
1259 2674 1393 2731 mandatis
1416 2673 1499 2737 dedit,
1511 2680 1543 2730 nt
1555 2673 1666 2742 Eugenii
1682 2669 1804 2725 animum

198 2743 352 2814 Responsio.
369 2744 446 2800 Nulla
459 2751 501 2798 est
513 2745 571 2798 hmo
584 2742 653 2796 ratio
667 2756 675 2794 τ
687 2740 867 2798 dissimularit
881 2740 954 2795 enim
1005 2739 1104 2795 leniter
1116 2742 1150 2796 ad
1162 2742 1191 2797 id
1203 2743 1275 2812 quod
1290 2744 1430 2814 optabant,
1445 2743 1617 2808 inclinarent,
1630 2750 1657 2798 ct
1668 2755 1730 2796 eum
1743 2740 1806 2866 ipso

161 2814 525 2886 pruderrdssirouspontifer,
539 2812 611 2882 qaod
624 2826 677 2866 non
692 2811 842 2880 ignorabat,
855 2825 955 2865 nomen
1006 2819 1327 2882 reserenteragerentac
1341 2815 1523 2870 modeste:ila
1537 2813 1685 2870 verisimile
1699 2818 1740 2866 est
1775 2825 1804 2865 a-

162 2884 282 2941 aectoris
295 2885 391 2942 horum
406 2885 546 2950 librorum,
559 2898 610 2937 nec
621 2881 718 2937 Carula
730 2877 825 2951 lingna
837 2881 956 2935 tribucre
1006 2881 1095 2936 roiam
1106 2880 1233 2951 lingeuro
1244 2885 1273 2938 in
1284 2886 1418 2941 mandatis
1429 2885 1535 2942 dedisse
1545 2883 1702 2967 Angilherto
1722 2880 1805 2935 ablro-

161 2955 236 3024 ipsos
251 2954 345 3023 soluit,
358 2971 412 3026 qua
426 2963 505 3024 parte
518 2952 721 3024 reprehensioni
740 2951 850 3006 obnoxii
866 2958 954 3015 crant,
1006 2951 1043 3016 ti,
1062 2959 1094 3005 ut
1121 2955 1332 3022 reserabunro,
1358 2971 1412 3011 nan
1433 2956 1541 3025 procaci
1558 2968 1648 3010 animo
1672 2967 1735 3008 curn
1750 2950 1806 3005 lia-

162 3041 198 3082 rte
213 3019 288 3080 ilhus
301 3026 422 3080 animum
439 3022 604 3087 ostenderem
621 3022 716 3077 tribuit
731 3036 796 3076 rero
811 3036 864 3090 qua
880 3028 957 3090 parte
1007 3021 1107 3077 &nno
1118 3031 1219 3091 ageret,
1231 3032 1258 3079 et
1269 3035 1395 3098 excerpta
1410 3042 1442 3081 er
1468 3025 1545 3081 libris
1568 3023 1702 3081 Carolinis
1717 3021 1805 3091 capita

162 3091 243 3151 nuta
251 3095 326 3166 digni
340 3105 429 3160 erare,
441 3103 473 3150 ut
484 3095 572 3165 ipsum
583 3094 777 3149 demereretur.
798 3090 957 3160 Quanquam
1007 3101 1104 3147 canna
1115 3091 1251 3148 Niccnam
1275 3099 1407 3166 synodum
1430 3097 1576 3152 secumdam
1601 3109 1662 3150 cunr
1679 3108 1711 3148 eo
1733 3107 1806 3147 conr-

163 3180 217 3221 aon
230 3172 317 3222 totum
330 3182 398 3237 opus
408 3166 563 3223 Carolinum
577 3164 612 3218 ad
622 3161 786 3217 liodrianunr
800 3161 956 3232 pontidcem
971 3203 995 3266 c
1008 3162 1169 3218 inimicaret.
1187 3163 1251 3220 llaec
1264 3165 1418 3223 iladrianus
1429 3167 1542 3237 acecpit,
1555 3164 1630 3235 legit,
1644 3162 1804 3220 confutarit.

163 3236 277 3292 missum
290 3244 343 3304 est,
356 3247 387 3292 nt
399 3251 461 3293 mox
473 3236 600 3298 mximas,
613 3232 661 3288 sed
673 3239 799 3302 excerpta
812 3247 845 3286 ex
860 3247 893 3287 eo
908 3247 956 3287 ca·
1009 3233 1082 3290 Nihil
1096 3241 1237 3304 propterea
1261 3237 1444 3292 uenerationis
1469 3247 1496 3293 et
1518 3237 1645 3292 amicitiae
1661 3250 1717 3291 sua·
1743 3243 1809 3302 erga

163 3308 249 3377 pitmn
267 3305 395 3363 lemmata
409 3325 416 3361 ι
430 3322 446 3362 ε
462 3307 559 3375 quihus
571 3302 720 3359 Carolohla
740 3318 775 3357 no
791 3310 958 3371 postremum
1008 3318 1144 3359 summum
1171 3306 1328 3374 pontificem
1352 3308 1458 3363 remisit
1480 3306 1595 3363 Carolus
1609 3302 1807 3374 linguosNec

163 3377 261 3433 tribuit
285 3393 335 3447 pro
350 3394 398 3433 stra
414 3376 567 3448 prudentia,
584 3373 656 3445 quod
674 3373 701 3428 ill
758 3389 842 3427 mrum
861 3387 960 3442 appro-
1009 3374 1133 3444 seapritur
1146 3373 1273 3431 Carolam
1298 3375 1424 3447 hiagnum
1440 3386 1467 3432 et
1489 3375 1644 3433 Galhcauos
1664 3373 1805 3445 praesules,

163 3447 274 3502 batione
287 3448 397 3519 dignum
412 3455 499 3510 esset,
519 3453 617 3501 cetera
636 3443 696 3514 ejus
713 3458 774 3498 csse
796 3442 957 3524 dissimulat.
1009 3445 1121 3499 alienus
1133 3442 1217 3501 fuisse
1229 3448 1265 3501 ab
1286 3447 1423 3502 lladriano
1438 3447 1499 3503 bdei
1521 3458 1548 3503 ct
1574 3445 1722 3530 religionis,
1742 3443 1811 3513 quia

167 3536 177 3569 r
205 3517 263 3573 lloc
285 3532 393 3574 sacrum
416 3515 526 3590 (iuquit)
547 3523 576 3571 ει
597 3512 781 3569 venerandum
812 3512 960 3581 capitulum
1009 3515 1142 3582 imagines
1167 3517 1305 3572 memoriae
1332 3524 1435 3572 tanturn
1464 3518 1704 3587 instructioneque
1723 3528 1806 3569 cansa

164 3587 278 3642 urdtrrm
290 3588 373 3644 distat
387 3603 402 3643 a
418 3583 804 3657 totissupradietiscapitulis,
818 3582 961 3636 etidcirco
1009 3584 1225 3648 trahendas,non
1248 3601 1312 3642 vero
1327 3587 1478 3643 adorandas
1506 3587 1715 3644 contendebant.
1731 3583 1806 3639 Non·

164 3672 226 3712 eum
244 3659 404 3729 agnovimus
419 3667 514 3714 restrae
529 3656 612 3711 abeo
625 3661 738 3710 serrata
750 3652 961 3720 neumamque
1010 3653 1077 3708 darm
1087 3655 1158 3708 enim
1175 3662 1233 3709 erat
1256 3656 1374 3725 eliquata
1396 3664 1425 3713 et
1439 3659 1519 3728 plane
1542 3664 1684 3728 perspecta
1708 3654 1808 3709 ueritas

165 3727 264 3796 regalis
283 3728 450 3784 excellentiae
470 3741 531 3783 esse
547 3725 687 3796 propriora
707 3723 736 3778 io
756 3738 789 3778 eo
810 3723 855 3777 ubi
878 3731 961 3777 restro
1011 3722 1151 3792 lutsancti
1174 3723 1214 3779 hu
1253 3727 1316 3781 otini
1343 3727 1425 3782 rerba
1452 3742 1579 3798 usurpem
1604 3735 1727 3784 sanctum
1757 3721 1808 3794 Cy·

166 3797 229 3854 lidei
247 3796 326 3867 plena
340 3800 449 3868 penitus
465 3796 588 3854 cenfesso
607 3801 649 3851 est
668 3808 777 3849 sensum
796 3792 962 3849 sancdssimi
1030 3807 1137 3847 reanum
1161 3802 1189 3849 et
1237 3794 1355 3853 lncanos
1376 3798 1512 3854 antistites
1538 3797 1703 3861 excusantis,
1733 3794 1807 3849 circa

164 3865 289 3938 Gregorii
305 3869 392 3939 sequi.
412 3890 423 3922 a
1044 3899 1045 3902 =
1064 3862 1174 3918 thurum
1198 3865 1387 3922 haereticorum
1402 3867 1474 3922 aliud
1500 3882 1516 3923 a
1533 3867 1670 3938 Stephano
1687 3866 1696 3920 l
1720 3861 1809 3936 ponti-

203 3935 328 3993 Secundo
345 3940 415 3993 ratio
432 3935 597 3993 Badiamaioi.
619 3933 734 3990 Constat
758 3947 792 3987 ea
811 3932 959 3998 historicis,
1010 3933 1062 3989 hcc
1085 3936 1203 3990 maximo
1219 3943 1247 3990 et
1272 3937 1375 4007 reliqna
1405 3936 1526 3993 Ecclesia
1553 3935 1711 4006 sentientes)
1753 3947 1807 3989 nec

166 4006 325 4077 Gregorium
344 4009 375 4073 ll,
387 4008 535 4063 hdriamm
552 4006 702 4071 bLeoeern
719 4004 760 4067 lll,
782 4003 962 4072 imperatores
1010 4005 1192 4074 agnoscebant
1204 4006 1292 4062 adhuc
1306 4007 1456 4079 plenarium
1474 4023 1505 4063 ea
1519 4008 1552 4064 de
1565 4021 1595 4065 re
1618 4007 1701 4063 tonus
1715 3975 1807 4061 fecic-

166 4074 737 4144 Grecosexcommmteassentmpenum
750 4071 962 4142 inregesfran·
1010 4075 1058 4130 sle
1068 4075 1223 4130 conciliem.
1238 4076 1331 4147 Neque
1345 4078 1417 4133 eninr
1431 4093 1494 4135 cnm
1516 4078 1658 4148 septimam
1673 4072 1806 4148 synnodum

166 4162 260 4202 corum
281 4149 459 4216 transtulisse,
478 4147 541 4216 quia
560 4145 647 4201 Graeci
672 4145 852 4226 imperatores
866 4144 961 4198 ieono-
1011 4145 1214 4216 impugnabant,
1232 4162 1289 4203 reru
1313 4148 1365 4204 sihi
1378 4149 1510 4218 putabant
1525 4163 1585 4205 esse
1608 4163 1669 4204 cum
1691 4157 1808 4203 oecume

167 4217 258 4273 noachi
277 4229 355 4274 erant
368 4233 375 4273 ε
390 4235 444 4274 non
464 4225 506 4273 est
523 4231 588 4289 ergo
600 4214 746 4271 rerisinrde
764 4214 890 4270 carolum
905 4214 961 4268 lia-
1010 4215 1072 4271 nica
1094 4217 1215 4287 synodo,
1240 4218 1288 4273 scd
1310 4235 1371 4274 cum
1388 4219 1515 4275 nationali
1536 4221 1667 4276 duntaxat
1691 4213 1807 4273 concilio

167 4303 250 4357 mum
267 4290 360 4344 mear
377 4289 472 4345 haeresi
486 4289 633 4349 laborasse,
648 4293 675 4340 et
687 4300 737 4354 pro
752 4300 846 4340 errore
855 4284 961 4341 Greco-
1010 4286 1177 4341 Graecorum.
1193 4288 1231 4342 lta
1244 4291 1344 4371 passim
1363 4289 1494 4345 librorum
1511 4287 1697 4346 Carolinorum
1711 4293 1807 4342 auctor

169 4372 228 4411 rum
243 4367 337 4414 contra
351 4359 500 4414 Romanum
514 4357 668 4427 pontificem
683 4355 832 4425 scripsisse.
1011 4355 1164 4424 profitetur,
1180 4367 1357 4431 queriturque
1367 4360 1438 4429 quod
1454 4360 1499 4415 illa
1518 4361 1570 4416 sihi
1585 4357 1745 4415 universalis
1760 4363 1807 4409 aut

208 4427 359 4510 desponsio.
386 4429 460 4484 Libri
479 4428 599 4482 camlini
617 4426 808 4480 iconomachos
824 4424 961 4480 sercemis
1011 4425 1133 4496 septime
1145 4428 1241 4498 synodi
1260 4443 1359 4486 nomen
1375 4437 1537 4501 arrogaret:
1557 4430 1644 4499 Quam
1659 4424 1809 4486 oecumeni·

168 4499 198 4552 ia
211 4497 277 4552 locis
296 4499 453 4569 impugnant
462 4499 766 4575 damnantquetantum
777 4496 854 4549 abest
867 4504 897 4548 ut
907 4496 961 4550 ico·
1013 4509 1076 4551 cam
1090 4497 1142 4552 dici
1156 4513 1237 4568 posse
1251 4508 1340 4570 negat,
1356 4501 1391 4556 ad
1405 4516 1487 4584 quarn
1506 4501 1556 4560 soli
1567 4500 1653 4557 Graeci
1669 4497 1809 4556 contenis·

169 4568 364 4624 nomaclmrum
375 4569 536 4623 serrtcntiam
550 4574 687 4621 tricentur.
696 4565 755 4618 hon
762 4566 885 4634 sequitur
896 4580 961 4632 ergo
977 4547 1083 4633 Deest,
1101 4567 1319 4640 reliquarumque
1345 4571 1546 4641 prouinciarum
1561 4571 1690 4628 Ecclesiae
1703 4583 1806 4625 conro-

168 4637 300 4693 Carolum
311 4637 436 4708 lingnam
449 4638 556 4692 illorum
571 4635 877 4700 airctoremnonluisse,
897 4636 960 4704 quia
1011 4645 1090 4703 eatae,
1104 4645 1151 4691 aut
1165 4642 1327 4697 senteutiam
1344 4656 1392 4712 per
1405 4642 1533 4725 epistolas
1555 4642 1717 4715 encyclicas,
1732 4653 1809 4694 more

169 4708 408 4763 iconomachorum
418 4707 515 4763 haeresi
527 4706 643 4762 infectus
653 4720 708 4760 noir
721 4704 782 4760 init.
796 4705 834 4760 be
855 4706 960 4776 imperii
1012 4706 1206 4776 ecclesiastico,
1219 4720 1321 4781 rogatae
1331 4728 1385 4768 non
1395 4712 1520 4770 fuissent.

170 4777 348 4833 translatione
361 4778 430 4832 alias
440 4777 573 4831 dicemus.
1049 4777 1131 4833 Sesto
1144 4781 1212 4834 ratio
1224 4780 1389 4837 Bellormini.
1405 4782 1514 4840 Certum
1527 4788 1569 4839 cst
1583 4781 1710 4838 Carolum
1721 4780 1809 4836 homi-

208 4847 296 4903 fertio
309 4847 378 4901 ratio
389 4845 553 4901 bellarmini.
563 4844 692 4902 Claudius
704 4843 890 4911 laurinensis,
903 4843 962 4899 ico·
1012 4862 1075 4903 nem
1087 4847 1181 4904 Gracco
1192 4859 1219 4905 et
1228 4850 1324 4906 Latine
1334 4853 1461 4921 peritum,
1478 4852 1636 4924 prudentem
1649 4863 1674 4907 er
1688 4850 1813 4920 ingenio«

170 4913 320 4975 nonraehioe
330 4925 470 4985 patronus,
483 4924 604 4983 tempore
616 4915 707 4970 Caroli
717 4914 804 4984 llagni
818 4930 852 4969 ne
863 4914 964 4969 mutire
1013 4927 1073 4972 sum
1086 4917 1170 4975 fuisse
1181 4938 1188 4974 :
1201 4921 1263 4976 lihri
1274 4930 1365 4977 autem
1378 4923 1423 4978 isti
1437 4923 1554 4979 hominis
1563 4922 1682 4989 barbari,
1690 4917 1808 4989 imperiti

170 4987 283 5112 guidem
294 5001 377 5042 ausus
391 4994 443 5052 est,
456 4994 526 5044 teste
538 4985 608 5041 lona
620 4984 808 5039 Aurelianensi
824 4984 961 5054 episeopo.
1013 5001 1047 5043 aa
1058 4988 1124 5044 levis
1135 4992 1341 5046 emendemur,

193 5072 283 5112 ummo
297 5055 378 5126 igitur
389 5057 553 5127 impudentia
567 5063 608 5111 est
628 5054 713 5110 libros
726 5061 821 5111 eontra
833 5055 963 5126 imagines
1051 5057 1206 5128 Responsio.
1219 5060 1277 5115 Etsi
1297 5062 1379 5117 rudes
1387 5070 1414 5118 et
1429 5061 1562 5118 inconditi
1582 5061 1620 5118 dn
1638 5069 1720 5116 antm
1735 5057 1762 5116 td
1779 5057 1807 5110 li·

170 5127 269 5183 &⁸0¹⁰
289 5126 418 5182 ‘libum-
1013 5127 1108 5189 brist
1129 5130 1196 5185 tales
1206 5130 1290 5186 rideri
1300 5132 1414 5201 possint,
1434 5133 1457 5188 sl
1467 5147 1529 5188 cum
1543 5134 1651 5203 scriptis
1666 5129 1810 5199 elegantia

208 5196 362 5267 Responsio.
378 5196 486 5252 Falsum
509 5207 617 5264 semper
634 5194 761 5265 supponit
774 5193 962 5249 bellarminus.
1015 5198 1091 5253 ribus
1112 5198 1366 5266 carlemannum
1385 5212 1474 5258 tanim
1487 5204 1583 5260 sicum
1602 5203 1663 5258 aliis
1687 5201 1808 5271 ciusdem

172 5266 330 5321 hibrienim
356 5266 474 5322 Carolini
493 5280 546 5319 non
570 5264 661 5321 forent
686 5264 879 5328 iconomachis,
902 5280 965 5319 cum
1015 5267 1066 5322 reri
1089 5268 1323 5327 lucubrationibus
1340 5282 1546 5343 componantur.
1562 5274 1700 5343 nigratum
1714 5270 1786 5327 eninr
1799 5308 1817 5334 ,.

172 5338 274 5392 destrui
289 5351 342 5391 raon
355 5337 514 5406 permittant
527 5336 672 5405 imagines;
685 5335 739 5390 imo
752 5351 802 5391 nec
813 5349 906 5390 earum
918 5336 968 5391 ho·
1015 5338 1205 5405 eruditionem,
1217 5340 1369 5398 facundiam
1387 5350 1500 5410 tanum,
1514 5353 1614 5415 quanta
1627 5345 1655 5400 in
1675 5349 1808 5414 praestan·

173 5407 309 5460 narariaru
321 5407 506 5462 adorationem
516 5406 626 5475 penitus
638 5405 965 5475 improbent,sedcultum
1016 5408 1129 5464 tisshnis
1148 5411 1220 5465 illins
1241 5413 1332 5468 seculi
1354 5413 1421 5469 viris
1444 5413 1613 5485 effulgebat,
1631 5414 1672 5470 sui
1690 5410 1816 5478 auctoris-

173 5478 305 5530 dnntaaat
315 5476 411 5542 latriae,
426 5490 506 5546 quem
520 5475 585 5545 ipsis
595 5476 726 5544 putabant
739 5491 754 5529 a
767 5476 871 5546 synodo
885 5476 966 5547 septi·
1018 5486 1162 5534 testantur.
1177 5480 1230 5537 Sed
1246 5497 1304 5552 agr,
1328 5498 1360 5538 ea
1380 5485 1579 5554 expendamus,
1592 5485 1691 5554 quihus
1710 5481 1810 5538 Bellar·

174 5561 218 5599 ma
228 5547 377 5602 decretum.
389 5547 466 5601 Sicut
479 5560 547 5624 ergo·
552 5559 693 5624 perperam
702 5545 875 5614 colligeretur
888 5547 968 5614 septi·
1017 5549 1083 5602 mini
1098 5551 1242 5606 cardinalis
1254 5568 1367 5610 censura
1387 5555 1494 5609 nititur.
1506 5554 1628 5626 Scriptor
1641 5556 1697 5622 ille,
1711 5551 1817 5622 inquil,

176 5629 247 5670 mam
261 5617 393 5687 synodum
413 5633 429 5670 a
452 5614 559 5670 couclln
574 5613 593 5666 F
596 5613 822 5670 rancolordieasis
839 5617 967 5671 trecentis
1017 5615 1277 5690 cuneantimpohm
1289 5625 1382 5679 urbem
1394 5624 1562 5679 notissimam
1573 5628 1599 5680 in
1615 5625 1740 5697 bithynia
1749 5637 1813 5679 esse

176 5684 312 5766 Patribus,
332 5694 428 5756 agente
450 5686 532 5740 ctiam
558 5683 654 5738 Carula
676 5685 791 5753 llagno,
812 5688 966 5740 darnrmtam
1018 5688 1092 5755 llicit,
1112 5706 1173 5745 cnm
1187 5707 1266 5747 nemo
1283 5695 1386 5748 nesciat
1399 5710 1457 5750 esse
1470 5696 1497 5749 in
1520 5695 1649 5761 Thracia;
1675 5698 1701 5752 in
1724 5709 1813 5767 eaque

175 5771 231 5810 non
253 5754 346 5818 fuisse,
376 5756 439 5823 quia
466 5754 581 5809 Carolus
612 5754 723 5822 hlognus
749 5755 968 5824 religiosissimus
1018 5758 1085 5813 urhe
1097 5761 1240 5816 concilittm
1255 5777 1305 5833 pro
1323 5765 1396 5821 cultu
1419 5766 1565 5836 imaginum
1586 5767 1750 5823 celebratum
1767 5778 1811 5819 qs.

176 5825 302 5896 puirrceps
315 5823 375 5892 fuit,
389 5841 443 5882 nou
466 5823 679 5882 iconomachos:
694 5825 732 5882 ita
753 5841 893 5897 perperam
912 5825 967 5882 col·
1018 5830 1093 5898 serit,
1107 5846 1169 5888 cunr
1181 5839 1270 5889 tamen
1291 5834 1386 5893 Nicen
1409 5836 1572 5894 celebrattun
1595 5854 1674 5896 nemo
1694 5838 1814 5901 semitis
