4050 6192
254 324 306 381 tta
696 327 726 382 B.
748 328 872 384 lelflhl
893 328 999 386 tuterit
1019 329 1094 387 Off‘.
1116 331 1206 392 eatts
1225 335 1244 392 f.
1265 334 1386 396 sueno
1404 333 1447 391 tlt.
1820 337 1867 405 fail

252 456 316 495 acro
327 453 361 495 cx
375 437 524 496 Arinalibus
538 439 690 497 Petarianis
713 450 842 511 petitum:
873 462 882 495 t
897 442 955 500 flue
972 460 1044 501 atarto
1059 450 1081 507 Α
1096 445 1169 503 illius
1180 450 1313 508 diuideret
1331 469 1337 505 :
1355 453 1461 507 tarnetsi
1480 449 1634 519 husjusmodi
1658 450 1760 521 tattentt
1776 458 1869 520 atrtibnc

250 510 349 564 alomna
361 509 441 564 berta
455 507 507 565 fuit
522 510 548 565 in
564 510 639 566 ltalia
650 519 760 582 propter
769 512 851 569 filiam
864 514 994 571 Desiderii
1003 530 1045 570 rc·
1094 533 1148 573 non
1155 517 1261 586 Carolo,
1274 523 1321 577 sed
1327 522 1380 577 sibi
1391 519 1626 586 danmnmintulit,
1637 520 1715 591 idque
1721 525 1867 600 matianum

249 580 301 706 fiis,
314 589 342 635 et
356 579 467 636 reinna
477 589 540 636 snrrt
555 580 679 637 civitates
692 581 815 652 plurime
830 586 916 640 soracti
930 584 1014 640 Petri.
1031 603 1041 637 t
1094 603 1157 643 riam
1167 604 1280 660 regnum
1296 600 1323 647 et
1333 592 1486 647 libertatem
1497 591 1599 656 amisit,
1618 595 1799 662 utustendam,
1812 614 1868 657 curn

274 661 295 712 t.
311 652 381 705 bona
401 666 463 707 eum
475 650 552 722 Pagii
574 651 661 715 reon,
681 654 835 710 testimonia
849 663 904 710 tam
923 656 1043 711 serotina
1093 663 1238 717 verteroad
1249 660 1361 717 Adriani
1374 662 1514 731 epistolas.
1538 661 1579 718 hd
1589 661 1751 729 pontiticiarn
1763 679 1823 723 sero
1835 671 1870 727 di-

248 720 358 776 dubiam
374 731 511 778 tuerentur
522 723 620 778 tidem:
637 738 724 793 sterque
738 724 810 780 eninr
822 726 946 795 plurimae
965 734 1044 782 erant
1093 727 1195 784 tionem
1208 732 1279 802 quod
1296 732 1402 797 attinet,
1418 741 1475 787 tunt
1489 733 1515 786 in
1532 731 1617 787 reteri
1637 732 1764 798 dominio,
1779 743 1831 792 ttrtn
1845 740 1869 796 iu

248 789 372 846 ciuitates
387 791 577 857 restituendam
595 809 682 862 neque
696 793 794 850 ullaox
809 796 954 865 iispaucis,
995 812 1043 852 uas
1093 813 1163 855 noro
1173 815 1221 870 per
1232 801 1396 857 Frarrconrm
1408 802 1648 884 regeml’ippiunrn
1659 817 1872 865 mnecssosercre

248 861 514 943 restitnioportebat,
529 863 875 921 abesiderioredditafuit.
900 813 1042 933 Quinge-
1092 868 1251 935 discordias,
1269 885 1368 941 easque
1383 872 1465 935 alere,
1491 887 1540 942 per
1556 871 1731 927 adsilentium
1747 891 1872 946 nurrquarn
1941 931 1944 937 .

247 932 337 999 pharao
351 939 406 986 rata
419 930 511 990 furreto
520 932 655 990 Adrianus
665 935 690 989 ei
704 934 1043 993 suffectusflcsideriirnis·
1092 939 1206 995 destitit.
1247 942 1389 998 Continuis
1411 943 1544 1013 siquidem
1562 942 1746 997 molitionibus
1765 947 1872 1014 palatina

246 1001 351 1082 sisoius
361 1003 508 1059 amicitiam
522 1005 716 1074 irascentibus,
728 1006 856 1075 plenarie
863 1008 1042 1063 restitutionis
1091 1008 1189 1076 officia,
1204 1026 1359 1082 penesque
1374 1012 1528 1082 reipublice
1543 1011 1739 1073 administratio
1752 1024 1816 1080 erat,
1831 1025 1873 1072 aot

246 1072 449 1140 pollicitatione,
478 1073 670 1145 improperavit
691 1091 752 1145 quaa
777 1092 827 1131 suo
849 1078 1041 1147 predecessori
1091 1081 1390 1151 avertereapootificc,
1405 1082 1571 1140 autemedio
1585 1082 1680 1138 tollere
1689 1082 1872 1141 meditabatur:

246 1142 384 1213 Stoplrano
408 1155 573 1214 reposuerat,
600 1147 664 1202 ditm
678 1162 727 1215 per
738 1152 836 1202 missos
849 1163 913 1202 suos
926 1146 1043 1203 Anasta·
1091 1164 1203 1217 quaeres
1214 1153 1309 1206 urbem
1320 1153 1405 1220 ipsam
1411 1151 1595 1208 simultatibus
1606 1159 1633 1207 et
1642 1152 1728 1221 pmttis
1741 1152 1871 1223 implebat.

244 1212 315 1268 sioni
329 1213 513 1283 primicerium
525 1215 697 1271 defensorum
712 1224 739 1272 et
749 1215 919 1272 Gcmmulnm
932 1218 1043 1273 subdia·
1091 1218 1187 1287 Pejora
1206 1221 1234 1275 in
1249 1221 1404 1277 Exarebatu
1420 1230 1448 1277 et
1463 1220 1604 1292 Pentapoli
1625 1221 1755 1277 Desiderii
1777 1224 1875 1281 artibus

243 1300 342 1339 conum
350 1286 470 1353 petebat,
497 1284 555 1341 «th
569 1301 630 1355 qne
646 1288 855 1355 praesentialiter
867 1288 946 1342 beato
959 1288 1042 1343 Petro
1090 1299 1249 1346 creuerunt.
1275 1290 1342 1346 Nam
1353 1292 1448 1364 Sergio
1463 1290 1599 1348 &vennae
1612 1291 1745 1362 amntcpe
1824 1295 1874 1351 rita

241 1354 381 1424 pollicitus
406 1362 467 1421 est,
489 1355 665 1426 adimpleret:
682 1375 692 1408 ι
720 1357 821 1411 etenim
847 1359 1039 1425 responderat:
1091 1357 1183 1415 functo
1195 1375 1239 1415 an.
1256 1360 1317 1425 lib,
1332 1369 1360 1415 et
1373 1361 1600 1418 Leouecaoonice
1616 1360 1715 1427 efecto,
1727 1308 1874 1421 biciofficlius

246 1423 528 1493 ‹Sollicitapostolico
544 1424 692 1495 Stephano,
714 1426 776 1495 qnia
799 1427 847 1481 tuli
866 1426 1042 1498 Christopho-
1090 1426 1259 1500 Langobardi
1278 1432 1405 1501 presidio
1420 1432 1504 1487 fultus
1515 1445 1576 1486 earn
1593 1432 1687 1487 sedem
1700 1431 1795 1487 invasit
1812 1447 1875 1504 iper

247 1511 307 1549 nrm
319 1502 347 1550 ct
364 1495 488 1578 Sergium
513 1496 547 1552 de
567 1497 666 1560 medio,
692 1497 739 1567 qni
760 1496 798 1550 illi
819 1497 1039 1564 dominabantur,
1090 1498 1170 1554 utrius
1181 1501 1245 1555 anm
1258 1500 1621 1570 circulumeteoampliu's»
1639 1509 1670 1556 ut
1683 1509 1725 1557 cst
1737 1502 1875 1572 apudbna·

242 1572 271 1619 et
284 1581 339 1620 uon
356 1564 394 1620 illi
407 1574 443 1622 stt
459 1580 570 1621 necesse
578 1564 701 1635 justitias
715 1567 893 1635 requirendas
908 1588 917 1619 ι
933 1566 1038 1640 (tamt.
1088 1569 1204 1624 stasinm
1216 1571 1310 1626 invita
1319 1569 1499 1642 Steplmnillf.
1513 1570 1581 1626 llem
1588 1571 1875 1640 narrachurathdriu

250 1632 308 1690 fito
320 1636 399 1699 datr..
415 1644 482 1692 sect.
497 1637 572 1706 295).
589 1637 655 1704 Quae
666 1637 753 1707 magis
761 1639 899 1707 magisque
911 1652 1039 1708 eonrpro·
1088 1637 1116 1692 ni
1132 1640 1221 1696 verbis
1237 1641 1290 1712 (ep.
1306 1642 1353 1707 95,
1376 1643 1411 1696 af.
1427 1639 1471 1710 it)
1485 1656 1546 1713 quac
1556 1649 1620 1696 sunt
1631 1640 1710 1695 ratde
1720 1642 1875 1724 perspicua:

240 1701 308 1760 bant
331 1707 473 1776 epistolam
486 1706 568 1768 iliam,
588 1707 621 1763 de
640 1723 693 1776 qua
718 1723 812 1762 sumus
826 1708 919 1772 focrrti,
943 1717 990 1762 aut
1004 1722 1039 1764 ex
1092 1708 1226 1775 «Quando
1237 1712 1384 1780 praedictus
1394 1711 1505 1782 Sergius
1515 1711 1735 1780 archiepiscopus
1745 1711 1819 1776 ebrit,
1831 1727 1877 1783 per

240 1785 305 1832 roto
320 1776 450 1832 fl.·sirlerii
463 1793 524 1833 esse
535 1779 676 1847 scriptam,
691 1778 855 1833 aetatiores
869 1776 972 1833 aliusue
985 1778 1039 1833 lar·
1056 1811 1077 1871 Β
1090 1793 1166 1834 suam
1188 1782 1371 1851 arrogantiam
1384 1781 1541 1837 bficbaefius
1558 1790 1737 1850 presumptor
1757 1781 1877 1837 inuadere

240 1846 415 1915 gitinuibnsa
431 1847 569 1903 Desiderio
583 1848 703 1918 corrupti
729 1848 756 1902 in
778 1862 841 1903 eum
861 1863 972 1904 sensum
993 1863 1039 1904 ac·
1089 1864 1172 1904 ausus
1194 1847 1246 1905 fuit
1261 1850 1404 1907 ecclesiam
1421 1852 1615 1916 Ravennatem,
1645 1859 1674 1905 et
1690 1866 1738 1920 per
1753 1852 1876 1906 auxilinm

241 1919 430 1981 commodatae,
451 1919 497 1988 qui
528 1919 646 1974 masinae
673 1917 776 1972 faveret
799 1918 970 1986 Langobardi
995 1935 1040 1974 ar·
1089 1919 1222 1976 Desiderii
1237 1921 1378 1978 senissimi
1399 1923 1469 1992 regis
1483 1921 1570 1991 ipsam
1592 1922 1743 1976 enormiter
1756 1920 1877 1977 irrradcns

240 1987 313 2044 tibus
324 1987 509 2045 dissensiones
519 1989 667 2059 querentis
680 1989 707 2044 in
722 1987 837 2043 Francia
848 1996 875 2043 et
887 1987 1039 2046 simultates
1088 1989 1231 2045 ecclesiam
1244 1991 1289 2046 diu
1301 1991 1448 2057 detinebat,
1462 1999 1491 2047 et
1505 2006 1520 2046 a
1532 2005 1581 2045 suo
1613 1991 1706 2060 roprio
1717 2001 1819 2046 rectore
1835 1991 1877 2046 de

242 2055 347 2113 lionnc·
1089 2061 1183 2114 stituta
1201 2068 1281 2130 atque
1296 2061 1405 2116 ricluata
1417 2062 1553 2117 manebat.
1606 2077 1660 2116 nnc
1672 2060 1877 2116 adhaeseram

274 2128 341 2184 Vlfl.
361 2128 553 2186 flebili-abatur
565 2128 669 2185 scilicet
691 2128 791 2198 Papius
810 2127 918 2185 bertam
931 2142 948 2182 a
963 2128 1039 2184 besi-
1088 2139 1213 2185 nostrum
1231 2139 1332 2187 sanctae
1349 2131 1547 2192 reeordationis
1570 2131 1701 2188 rlornnum
1720 2130 1876 2201 Stephanum

236 2197 315 2254 derio
331 2199 359 2255 id
373 2200 494 2270 petiisse,
514 2211 545 2255 ut
557 2199 641 2272 264
657 2198 826 2270 Stephanum
838 2214 854 2253 a
864 2199 1038 2255 matrimonio
1087 2214 1184 2270 papam
1199 2202 1346 2269 pradictus
1356 2200 1539 2258 lirtcbaldusa
1557 2209 1650 2258 aesna
1661 2201 1781 2257 directus
1847 2199 1879 2254 ali

238 2268 385 2325 cumillius
398 2269 453 2326 lilia
464 2269 582 2326 alienum
600 2270 797 2325 demereretur.
819 2267 856 2323 ht
866 2267 989 2339 pontifex
1000 2271 1036 2326 ab
1088 2270 1247 2326 excellentia
1292 2288 1322 2326 ro
1347 2271 1454 2328 cacteris
1472 2272 1581 2337 causis,
1602 2272 1638 2327 ab
1663 2269 1759 2326 eodem
1774 2287 1826 2341 pra
1839 2278 1880 2324 ato

224 2341 383 2396 vasserenda
396 2341 523 2396 diriuale
542 2340 702 2396 eremoreri
723 2347 833 2394 terreno
847 2339 1037 2408 quorishene·
1088 2339 1187 2395 dornno
1206 2286 1390 2412 Stepflampa
1435 2357 1484 2412 per
1497 2350 1616 2397 restrum
1632 2342 1717 2397 abeo
1730 2343 1879 2396 roboratum

238 2407 365 2464 brinnon
377 2419 495 2480 poterat.
522 2357 758 2479 iatnepersprcua
781 2419 845 2465 sunt
866 2409 964 2478 quaein
980 2408 1037 2479 epi·
1088 2411 1178 2480 regante
1188 2411 1382 2468 adminiculum
1393 2358 1553 2467 ΙΙῖιιιοιιιιιιιιι
1566 2412 1667 2467 missus
1680 2419 1742 2474 est,
1761 2410 1880 2466 eumdem

237 2479 308 2534 stola
329 2479 364 2536 ad
388 2496 467 2564 reges
489 2478 590 2535 fratres
602 2478 657 2551 (cp.
670 2480 706 2535 to
717 2518 726 2543 ‚
739 2478 775 2533 al.
790 2478 835 2549 lbi
855 2479 962 2549 nuptias
976 2478 1037 2535 illas
1086 2480 1228 2549 praefatum
1241 2481 1412 2538 bliclaaeliunr
1427 2483 1579 2537 invasorem
1593 2499 1626 2537 ca
1653 2482 1713 2552 ipsa
1731 2480 1882 2535 Rauennate

237 2552 461 2607 arcrsansdixrt:
492 2548 776 2620 ‹Cottiugiolegitinro
800 2565 835 2605 ex
855 2549 1037 2619 preceptione
1086 2550 1201 2606 eeclesia
1214 2551 1414 2620 expellendum,
1441 2560 1468 2607 et
1481 2551 1525 2607 bic
1538 2551 1623 2606 borna
1640 2559 1775 2621 tanquam
1795 2558 1880 2605 traus-

237 2619 370 2689 genitoris
387 2621 471 2677 restri
487 2619 715 2690 copulationis.»
740 2619 870 2674 Etinfra:
901 2619 1035 2687 ‹impium
1085 2635 1240 2689 gressorcm
1253 2637 1394 2680 sacrorum
1404 2637 1539 2678 matonam
1549 2621 1765 2677 deferendumr

237 2689 310 2743 eninr
325 2697 378 2753 est,
407 2699 437 2746 ut
448 2689 491 2745 ref
515 2690 623 2760 penitus
645 2690 744 2745 restris
762 2689 891 2745 ascendat
907 2690 1036 2744 cordibus
1055 2720 1064 2738 κ
1122 2687 1156 2744 X.
1172 2692 1263 2760 ltaque
1277 2692 1443 2758 Desiderius,
1458 2694 1503 2762 qui
1518 2692 1620 2746 nnllam
1634 2692 1736 2762 legitor
1750 2690 1882 2746 ciuitatem

236 2757 305 2811 alias
317 2760 442 2829 accipere
453 2775 562 2825 uxores,
577 2775 660 2830 super
682 2775 732 2816 eas
751 2774 819 2828 quas
837 2759 965 2828 primitus
986 2775 1036 2815 ros
1086 2758 1218 2816 inuasisse
1239 2776 1300 2832 quae
1314 2762 1425 2818 ditionis
1438 2771 1510 2818 esset
1522 2773 1625 2818 sancta
1644 2762 1736 2824 sedis,
1751 2761 1806 2816 duo
1819 2775 1883 2829 prae·

236 2836 342 2882 certum
365 2839 408 2885 cst
422 2831 596 2899 accepisse.»
630 2829 707 2897 Quid
718 2831 752 2885 de
770 2828 969 2884 Carolornanno
980 2830 1034 2884 mi·
1085 2831 1163 2900 cipue
1175 2833 1301 2901 praestitit
1319 2831 1457 2902 Stephano
1468 2832 1501 2887 lli
1516 2832 1663 2900 pontifice:
1684 2832 1754 2886 nihil
1769 2844 1884 2911 rrrrqmm

236 2912 303 2951 tiore
317 2907 381 2954 natu
397 2901 452 2957 filio
473 2909 549 2956 certo
565 2901 727 2965 certiusest,
749 2915 812 2955 nom
830 2899 901 2953 idem
912 2898 1035 2969 pontifex
1085 2899 1202 2956 restitnit
1216 2916 1325 2966 eorum,
1336 2899 1476 2972 quesieris
1489 2911 1568 2956 eraut
1585 2900 1710 2969 ejusdcm
1731 2906 1882 2971 apostolice

236 2964 331 3034 (fild,
344 2967 390 3040 ts)
405 2985 510 3026 esacro
524 2969 598 3025 fonte
609 2970 747 3039 suscipere
765 2967 824 3037 ejus
846 2968 931 3023 utinm
946 2977 1031 3039 optat,
1085 2968 1167 3034 sedis,
1182 2980 1210 3027 et
1221 2972 1395 3027 dissidiorum
1410 2980 1503 3027 auctor
1516 2985 1622 3041 semper
1642 2970 1706 3025 fnit.
1720 2971 1785 3025 inde
1801 2969 1884 3024 mari-

171 3103 175 3110 ·
236 3034 393 3107 clauditque
408 3039 564 3109 epistolam,
591 3055 672 3094 rcum
687 3039 844 3095 dulcissima
865 3047 955 3094 restra
968 3055 1033 3095 con-
1084 3053 1158 3094 muru
1170 3041 1326 3111 supervenit
1338 3041 1538 3097 incommodum
1553 3042 1678 3111 pontifici
1693 3039 1885 3096 ineruditionis

235 3103 308 3176 jrrqc,
332 3119 359 3164 et
374 3110 568 3165 amantissimis
587 3111 692 3166 natis.»
718 3109 803 3164 scens
819 3116 862 3164 est
879 3110 913 3164 de
934 3109 1033 3168 Carolo
1084 3123 1141 3164 strae
1151 3121 1229 3179 parte
1238 3126 1319 3183 quam
1331 3110 1460 3182 Pippinus
1471 3112 1630 3167 declamat.
1650 3111 1742 3182 Caput
1754 3107 1884 3179 siquidem

236 3173 339 3243 rannone
353 3189 434 3236 natu:
460 3179 631 3250 Egiaaiaardns
654 3178 714 3247 ejus
736 3194 835 3235 uxores
860 3187 1002 3235 enumerat
1015 3195 1032 3235 a
1047 3172 1070 3236 C
1084 3177 1254 3238 Euarchatus
1268 3181 1406 3247 Rarettna,
1422 3192 1567 3265 utcumque
1579 3182 1710 3237 hostilem
1722 3180 1885 3236 invasionem

236 3242 396 3305 Desiderato
410 3249 540 3306 Desiderii
555 3250 627 3315 regis
644 3250 708 3314 fllia,
730 3264 813 3318 quam
830 3257 1031 3320 «postumum,
1086 3264 1140 3303 non
1156 3260 1228 3320 osset
1240 3267 1330 3334 passa,
1343 3252 1512 3307 inliditorum
1524 3251 1630 3321 irajariis
1640 3266 1675 3307 ac
1684 3247 1885 3321 depopulationi

219 3314 335 3386 iuquit,
347 3320 509 3388 reprnliarit,
533 3327 561 3375 ct
573 3317 758 3387 lfildcqardrm
771 3319 806 3373 de
821 3330 903 3390 gente
930 3319 1035 3377 Sucro·
1084 3317 1137 3374 fuit
1149 3322 1277 3379 oboosra.
1292 3322 1358 3378 Nam
1375 3321 1543 3386 hfichaclius,
1556 3322 1602 3378 ubi
1615 3337 1647 3378 se
1659 3321 1731 3377 vidit
1749 3319 1886 3387 sacrilega

234 3400 296 3441 rum
310 3392 454 3460 precipuae
473 3390 624 3445 aratiilitatis
648 3390 777 3446 feminam
789 3389 816 3444 io
829 3389 1033 3445 matrimonium
1084 3391 1265 3448 ordinationis
1286 3391 1360 3448 omiti
1382 3406 1429 3461 spe
1449 3391 1584 3461 dejectum
1596 3405 1659 3448 esse
1678 3393 1716 3447 ab
1738 3391 1884 3460 Stephano,

234 3458 336 3527 accepit
348 3473 377 3514 a·
393 3461 466 3531 qnod
477 3468 506 3516 et
516 3459 619 3515 faciunt
628 3459 726 3516 Franci
740 3459 949 3529 aliiscriptores,
962 3459 1034 3517 trime
1088 3477 1097 3511 ι
1112 3462 1228 3530 plurima
1240 3477 1351 3518 munera
1363 3462 1502 3518 Desiderio
1517 3461 1766 3530 Langobardorum
1781 3460 1847 3530 regi,
1860 3465 1887 3513 et

233 3524 314 3598 longa
325 3529 456 3599 valdeque
465 3531 657 3601 implexaapud
667 3530 919 3600 eruditosquacstio.
930 3530 1034 3587 Nihilo-
1084 3531 1201 3596 cimelia,
1217 3542 1245 3590 et
1259 3541 1372 3588 ornatus
1386 3532 1471 3603 ipsius
1483 3533 1607 3589 ecclesie
1630 3548 1696 3588 cunr
1710 3531 1774 3586 aliis
1787 3529 1887 3600 specie·

233 3596 325 3653 notaris
341 3598 463 3670 pontifex
476 3601 661 3671 Epitrhardum
671 3600 779 3656 ceteris
790 3601 972 3670 antiquiorem
985 3618 1034 3658 an·
1083 3600 1260 3659 busbrachio
1272 3602 1336 3658 forti
1355 3621 1365 3655 ι
1384 3602 1554 3658 invasionem
1576 3617 1669 3657 annua
1691 3600 1826 3676 maiorem
1845 3607 1887 3652 tu·

233 3667 360 3737 tiquitate
372 3682 492 3741 praestat.
510 3671 643 3727 Praeterea
653 3686 719 3734 nott,
732 3670 937 3740 otEginhardos
949 3681 1032 3729 caete·
1084 3678 1157 3727 tatus
1170 3680 1220 3736 est,
1238 3682 1269 3730 ut
1287 3672 1369 3728 tradit
1381 3681 1477 3728 auctor
1491 3673 1563 3742 apud
1581 3673 1777 3728 Anastasium.
1798 3669 1887 3734 herne

232 3739 322 3809 rique,
341 3741 423 3813 regie
435 3742 615 3799 successionis
635 3757 684 3797 sen
697 3741 850 3797 stemmatis
864 3740 1032 3798 Francorum
1082 3739 1254 3800 Exarchatns
1266 3751 1370 3799 tarnum
1382 3742 1508 3824 princeps
1520 3743 1618 3798 civitas
1637 3739 1801 3812 fruinsmodi
1818 3736 1889 3794 defe-

232 3825 328 3878 mptum
353 3813 517 3868 crrrrratoni
543 3813 763 3882 daltotoperam;
784 3812 831 3868 sed
848 3827 958 3868 eausam
976 3829 1031 3868 non
1082 3812 1181 3868 ctionis
1191 3813 1309 3883 speciem
1321 3813 1418 3876 induat,
1427 3814 1474 3867 sed
1484 3813 1567 3868 etiarn
1580 3813 1743 3884 Pentapolis
1753 3822 1888 3881 praecipua

235 3880 365 3939 ducernlae
383 3883 475 3938 nataris
495 3882 636 3946 atterebat,
652 3898 733 3953 quana
751 3881 879 3938 Carolnm
901 3881 1031 3951 majorem
1083 3885 1148 3940 urbs
1157 3884 1310 3939 hrirrtinum
1322 3884 1416 3940 eadem
1428 3898 1462 3938 ex
1469 3883 1641 3955 266rausa
1656 3898 1723 3938 cunt
1735 3881 1888 3962 Langoltar·

234 3960 301 4009 tntu
320 3950 377 4021 jam
391 3955 511 4020 rlrrrisse,
527 3962 554 4009 ct
566 3964 778 4008 consentancum
800 3953 910 4009 veritati
932 3961 984 4020 est,
1003 3963 1032 4011 ct
1081 3953 1125 4009 dis
1135 3953 1294 4010 societatem
1309 3953 1369 4009 iniit
1379 3962 1475 4008 contra
1488 3953 1657 4022 pontificem,
1671 3962 1706 4008 ut
1720 3954 1804 4007 docet
1820 3950 1888 4004 retem

231 4021 319 4078 filiunt
334 4027 496 4095 suscepisse,
512 4041 544 4079 es
559 4023 719 4080 llimiltrnde
732 4023 803 4078 inter
818 4033 944 4079 auctores
966 4040 1032 4080 con-
1081 4037 1191 4080 auetor:
1203 4042 1213 4074 ι
1223 4019 1889 4095 congregaminde,inquit,nefandissirnnsblau

230 4101 296 4160 stat,
314 4096 422 4152 tanretsi
437 4097 471 4152 tle
494 4094 630 4151 conrmhio
654 4095 735 4150 iidem
750 4101 866 4149 certent.
895 4092 1031 4164 Quidquid
1082 4094 1324 4150 ritiusexercitum
1338 4109 1470 4149 unacum
1484 4095 1599 4150 corasilio
1620 4093 1762 4150 Desiderii
1781 4091 1888 4160 tango.-

230 4173 322 4220 autem
337 4165 459 4235 pontifex
472 4173 499 4221 et
514 4179 625 4220 causam
640 4164 710 4219 ltattc
727 4164 912 4233 aequissimam
924 4173 952 4220 et
963 4166 1031 4222 alias
1080 4164 1227 4221 bardorum
1237 4165 1310 4235 regis
1328 4164 1492 4235 properarit,
1511 4173 1538 4219 et
1555 4165 1702 4233 ingressus
1716 4172 1762 4219 est
1783 4162 1888 4240 flaren-

231 4235 490 4299 rnultasadduxerit,
502 4250 565 4304 quae
578 4235 638 4289 rudi
652 4233 689 4288 illi
699 4236 774 4289 atati
784 4242 812 4289 et
821 4234 950 4303 pmbitati
963 4251 1028 4305 pon-
1081 4251 1154 4300 trani,
1171 4243 1200 4291 et
1211 4235 1323 4291 brachio
1335 4234 1398 4291 forti
1413 4235 1495 4305 elegit
1514 4235 1603 4304 ipsum
1616 4234 1797 4296 blichaelem,
1816 4239 1845 4284 ct
1862 4242 1889 4282 ru

231 4305 315 4362 tifrcis
329 4307 480 4362 tribuendae
490 4306 582 4374 potius
597 4319 679 4374 qnam
707 4318 768 4358 cum
791 4303 916 4361 sectariis
937 4307 1031 4361 tradu-
1080 4305 1762 4375 episcopiumRavennatisEcclesieiutroduxit‚et
1771 4303 1889 4358 Leonem

231 4376 335 4439 condar,
360 4379 411 4433 stila
433 4376 514 4430 flerem
530 4375 593 4429 anui
619 4374 670 4428 iitl
683 4375 796 4431 Carolus
821 4388 934 4430 uxorem
953 4376 1030 4432 duxit
1080 4376 1314 4440 archidiaconum,
1327 4376 1374 4445 qni
1390 4378 1493 4432 electus
1505 4384 1566 4430 erat
1582 4375 1610 4429 in
1628 4375 1889 4445 archiepiscopatus

230 4447 364 4502 Desiderii
385 4445 478 4500 liliam.
502 4446 566 4500 inde
579 4460 642 4501 nero
652 4460 732 4515 quar«
745 4460 806 4501 uam
817 4445 970 4514 Stephanus
984 4465 1029 4502 su·
1080 4447 1214 4512 ordinem,
1230 4446 1384 4501 Arianinum
1398 4446 1572 4516 deportantes
1590 4444 1698 4501 ibidem
1712 4450 1891 4500 arciacusto

230 4526 338 4587 perstes
351 4515 433 4573 fuerit
448 4461 888 4587 usqucatilialendasflehruarias
900 4517 963 4572 anni
976 4517 1029 4573 iii
1044 4518 1067 4577 l)
1080 4516 1123 4571 dia
1148 4517 1331 4587 mancipatum
1355 4517 1425 4573 idem
1449 4514 1591 4573 Mauritius
1618 4515 1746 4572 detineri
1776 4513 1852 4571 fecit.
1878 4530 1888 4564 ι

231 4603 294 4643 curn
308 4587 376 4642 obiit
385 4587 628 4657 supremumdiem,
643 4586 863 4642 aCorolomanno
876 4595 1031 4656 praeventus
1080 4585 1150 4654 Quid
1164 4587 1247 4658 igitur
1264 4587 1364 4643 faceret
1375 4586 1497 4657 pontifex
1510 4594 1585 4642 tanta
1596 4586 1623 4641 in
1641 4601 1741 4642 rerum
1752 4584 1890 4657 perturba

230 4658 354 4713 bimestri
370 4658 455 4713 ferane
471 4657 568 4727 spatio,
589 4657 655 4712 nulli
671 4658 747 4713 nrissi
761 4657 894 4727 nullaeque
906 4657 1029 4728 epistolae
1081 4658 1155 4714 tione
1170 4657 1312 4726 utriusque
1324 4657 1529 4728 provincialia
1543 4656 1697 4712 franciam
1710 4672 1743 4713 se
1756 4651 1890 4711 rcrtcrctt

231 4728 317 4784 Roma
332 4728 360 4784 in
379 4728 522 4784 branciam
538 4729 629 4784 ndsse
652 4728 836 4784 inveniuntur.
863 4728 950 4784 Tanta
969 4728 1029 4799 ejus
1078 4728 1115 4783 ht
1127 4727 1225 4785 rnlnus
1237 4727 1299 4783 inde
1308 4728 1392 4793 altius
1408 4728 1564 4798 apostolicae
1577 4727 1746 4782 auctoritati
1759 4725 1891 4807 inflictum

230 4799 400 4856 matrimonii
411 4800 555 4856 detestatio
566 4807 625 4856 erat
649 4800 757 4856 bomar!
945 4853 952 4859 .
1079 4807 1153 4854 erat:
1175 4814 1238 4854 narn
1255 4797 1369 4855 Carolus
1390 4798 1473 4854 filiam
1494 4798 1628 4855 Desiderii
1650 4798 1745 4853 inrito
1763 4798 1892 4868 pontifice

265 4867 314 4924 tx.
341 4869 408 4938 uae
426 4886 517 4926 annuo
533 4871 580 4926 illo
604 4870 712 4925 silentio
736 4869 887 4934 evenerint,
908 4870 1029 4929 indicare
1078 4884 1193 4925 atrorem
1207 4872 1329 4933 duxerat,
1347 4871 1510 4941 nuptiasque
1527 4878 1613 4924 mater
1632 4869 1850 4926 conciliat-erat.
1870 4863 1891 4916 d

227 4955 318 5011 opere
331 4943 447 5012 pretium
458 4941 559 5006 crient
571 4941 684 4996 historia
696 4940 845 5010 pontificia,
858 4956 940 5010 quarn
953 4943 1029 4999 testi·
1078 4939 1159 4996 Petro
1167 4940 1258 5010 itaque
1265 4939 1725 5023 apostolorumprincipcauxilium
1733 4945 1894 5022 exspectac-

229 5011 452 5068 rmntioCarolini
462 5011 570 5068 Codicis
586 5011 763 5076 illustramus,
776 5011 918 5068 consistat.
943 5012 1028 5070 bissi·
1080 5013 1143 5068 dum
1167 5020 1235 5076 erat,
1280 5027 1306 5065 ur
1330 5012 1486 5083 prouincias
1500 5011 1551 5066 sihi
1570 5010 1700 5078 oblatas,
1719 5024 1835 5066 nnnrrnc
1853 5020 1893 5060 ste

228 5082 336 5137 «licuntur
349 5083 394 5139 ille
403 5098 437 5138 ac
453 5082 620 5138 simultatum
635 5090 730 5138 auctor
741 5081 884 5153 fautorque
893 5083 1029 5142 maximus
1078 5082 1196 5147 uolente,
1211 5027 1372 5138 vindicaret.
1383 5082 1461 5150 Quod
1470 5082 1550 5153 plane
1562 5081 1685 5153 contigit
1695 5090 1762 5153 post
1774 5090 1893 5136 mirream

229 5153 386 5210 basilicanus
396 5163 451 5208 taor
465 5153 492 5208 in
505 5152 668 5209 francorum
683 5169 776 5223 rogaro,
791 5170 873 5224 quana
885 5153 910 5208 in
925 5155 1028 5213 ditione
1079 5154 1257 5218 intrusionem,
1271 5169 1304 5208 ac
1318 5152 1432 5223 pmirnfe
1448 5156 1498 5210 sub
1511 5152 1592 5208 sstrern
1606 5154 1677 5207 anni
1694 5154 1763 5208 rit.

226 5224 378 5296 parathen,
390 5233 453 5293 post
467 5224 493 5279 id
505 5222 670 5294 corrjogium,
681 5225 716 5279 ad
728 5223 871 5280 franciam
881 5225 954 5294 quod
963 5227 1028 5282 atti·
1116 5224 1160 5280 hl.
1175 5225 1243 5279 Natu
1259 5223 1373 5280 Carolus
1384 5223 1549 5280 matrimonii
1561 5222 1611 5278 rati
1624 5223 1803 5278 solutionem
1818 5233 1893 5290 quaa·

228 5304 287 5362 ttot,
299 5297 336 5352 nil
348 5297 529 5353 umfitusesse
540 5296 641 5351 dicitur
658 5312 707 5366 per
726 5304 813 5351 toturn
827 5295 892 5351 illud
909 5305 1025 5367 tempos,
1078 5309 1142 5350 rens
1164 5296 1198 5350 ab
1219 5295 1367 5364 apostolica
1380 5294 1453 5358 sede,
1468 5309 1521 5365 qna
1539 5294 1573 5349 de
1587 5305 1619 5348 re
1631 5293 1752 5351 ridendi
1767 5301 1894 5348 auctores

228 5382 284 5437 quo
302 5366 362 5436 eius
380 5367 436 5422 falia
451 5366 616 5422 monarchiae
631 5365 797 5422 francorum
812 5381 872 5436 quac
885 5366 1027 5424 uniusCa·
1077 5366 1150 5435 apud
1165 5365 1277 5435 Paqirrm
1291 5365 1348 5436 (ao.
1363 5365 1425 5430 tit,
1437 5365 1498 5420 mi
1521 5365 1619 5421 missos
1634 5379 1707 5421 suos
1721 5365 1894 5421 iluchorturn

228 5437 280 5492 roh
293 5437 533 5509 parebatimperiis
545 5436 637 5505 regina
648 5435 708 5492 fuit.
731 5436 797 5504 Qum
807 5446 898 5492 antem
911 5446 975 5507 post
986 5440 1028 5496 di-
1077 5445 1105 5492 ct
1115 5435 1238 5506 Collcqas
1250 5434 1364 5492 Romana
1375 5436 1486 5494 direxit.
1512 5444 1539 5491 ta
1551 5434 1660 5492 seilicet
1674 5436 1770 5507 accipi
1786 5436 1896 5506 oportet

229 5509 358 5573 aonium,
380 5510 633 5579 quodconcoquere
650 5523 788 5577 nunquam
811 5508 909 5578 potuit,
926 5524 1026 5567 everte·
1078 5505 1267 5564 illndhdriani
1284 5523 1364 5578 supra
1382 5507 1514 5565 allinunt:
1531 5523 1581 5590 pro
1594 5507 1706 5561 euteria
1717 5509 1830 5571 ronsir,·
1842 5517 1894 5558 raon

228 5586 305 5643 nant,
316 5578 426 5634 Adriani
437 5578 623 5649 pontificatum
636 5586 768 5648 spectant.
796 5580 854 5636 lloc
870 5580 1027 5650 enimipon-
1078 5578 1151 5634 enim
1164 5578 1212 5642 ait,
1226 5592 1278 5647 pro
1293 5576 1409 5646 justitiis
1422 5578 1572 5642 faciendis,
1590 5574 1686 5635 altore
1707 5593 1781 5632 usus
1797 5587 1842 5632 est
1857 5573 1897 5655 ,¹⁰¹

230 5647 318 5714 tilice·
333 5648 523 5704 carolomanni
543 5649 613 5704 tilitas
645 5649 672 5704 ui
687 5650 759 5719 apud
784 5666 846 5707 enm
860 5667 921 5707 cum
939 5659 1027 5709 matre
1078 5649 1178 5720 quendi
1196 5664 1305 5720 genere,
1319 5650 1391 5720 quod
1408 5663 1500 5705 rerum
1514 5655 1614 5704 soractae
1635 5647 1718 5704 scitis
1740 5662 1839 5705 comm
1857 5659 1897 5701 tu·

229 5717 357 5789 Gilbnrqa
369 5727 447 5773 erant
457 5721 610 5774 consecrari
620 5664 741 5777 francia
754 5737 831 5793 reges
851 5722 1025 5777 maelrinalna·
1078 5727 1153 5774 intrat.
1167 5719 1376 5776 Faustissimnm
1392 5719 1418 5776 id
1433 5719 1594 5792 principium
1607 5716 1777 5776 inimicitiae
1791 5720 1897 5786 lango·

230 5799 289 5858 tur,
314 5797 344 5845 ut
366 5788 463 5847 Carolo
476 5791 613 5862 negotium
637 5790 718 5866 265
732 5791 878 5854 lacesseret
901 5793 1028 5864 uiresque
1078 5792 1225 5862 hattdortnn
1241 5791 1324 5863 regis,
1338 5792 1372 5849 de
1386 5789 1463 5860 ctrjns
1483 5791 1539 5848 lilia
1555 5789 1735 5859 repudianda
1749 5791 1895 5864 agebatur,
