4050 6192
206 277 275 340 rme
616 281 704 337 crnnr
721 279 894 338 eunoun.
909 310 946 326 -
961 279 1072 336 cunr.
1094 279 1138 336 nc
1157 253 1250 337 runc.
1271 307 1307 322 -
1325 281 1391 337 arn.
1407 283 1428 337 r.
1771 285 1840 343 rane

205 395 257 450 uice
270 393 394 463 patmus
409 400 485 464 gesta
497 403 550 459 cst,
575 393 718 465 synodum.
756 390 839 462 Cujus
856 392 998 462 scriptura
1011 399 1034 456 Α
1049 391 1166 448 secunda
1173 391 1263 462 priore
1272 395 1409 448 distarem
1417 394 1569 464 computari
1579 395 1686 464 debeat,
1694 397 1844 469 insequen-

205 495 296 542 textus
307 484 460 555 eloquentia
472 499 607 555 marsisque
615 500 713 541 carens
725 484 760 540 ad
772 500 822 539 uos
836 498 922 553 usquc
932 498 996 553 per·
1050 485 1132 550 tibus,
1139 500 1200 540 carm
1208 485 1388 556 reseacgcrit,
1397 486 1562 556 diligentius,
1571 497 1709 546 annuente
1716 489 1842 556 bominum

204 574 289 630 resdt.
309 573 408 632 Contra
425 573 501 645 cujus
518 589 626 630 errores
643 574 704 630 iden
727 574 846 630 scribere
864 571 996 643 compulsi
1049 575 1255 646 disputabimus,
1275 591 1336 646 quau
1358 576 1461 634 scilieet
1475 578 1547 633 haud
1563 592 1643 635 secus
1663 593 1712 635 sca
1733 581 1844 653 synodis

204 682 309 732 sumus,
331 678 362 724 ut
383 668 470 724 sicubi
494 667 566 724 sorte
588 675 635 724 aut
649 683 746 724 murus
763 666 923 733 tenentium,
951 673 999 720 aut
1048 666 1622 745 aequiparandarsunt,t1uarniiubenitarum
1635 668 1843 738 etGaditaruna,

204 774 285 815 aures
302 761 469 816 audientium
487 761 630 831 inquinare
650 759 803 825 tentaverit,
824 757 910 815 nostri
935 758 998 829 styli
1049 766 1077 814 et
1089 758 1208 816 dimidiu
1219 760 1307 816 tribus
1319 759 1441 815 blanasse
1457 761 1545 817 altare
1559 761 1640 818 altari
1653 762 1725 834 quod
1736 778 1786 835 per
1804 765 1844 821 le-

205 850 734 921 diuinarumScripturarunrauetoritate
742 849 839 906 armati
847 848 1000 905 invectione
1049 848 1205 919 gislatorem
1223 849 1337 905 Domino
1350 848 1464 919 iubente
1483 852 1623 908 conditum
1645 861 1697 920 est,
1721 854 1842 923 equipa-

204 940 342 1011 pcllatur:
365 951 394 998 et
416 943 542 1009 inertem,
560 942 603 997 rei
615 943 706 1012 potius
721 942 852 997 inermem
867 939 1000 998 Orientali
1050 936 1106 993 rari
1126 938 1213 1009 potuit
1229 956 1237 992 ι
1255 938 1332 1008 cujus
1358 950 1485 997 anmnres
1500 941 1639 998 israelitici
1656 942 1740 1014 gladii
1768 943 1845 999 iurer

205 1031 239 1086 de
249 1041 328 1103 parto
338 1032 491 1088 nutrientem
505 1033 609 1090 hostem
619 1031 772 1088 Occiduuin
785 1039 862 1102 parte
875 1045 925 1102 per
938 1045 997 1095 nos,
1051 1036 1178 1094 vastaret,
1194 1029 1247 1085 nisi
1260 1028 1397 1086 iraternas
1414 1030 1472 1087 iras
1488 1032 1598 1102 supplex
1612 1032 1747 1089 caniessia
1762 1034 1843 1089 nristr

206 1119 312 1177 brente
329 1121 394 1186 beo,
418 1120 500 1176 allata
514 1130 671 1176 sanctorum
684 1120 795 1176 Petrum
814 1119 948 1175 sententia
960 1116 1001 1171 te·
1050 1118 1176 1189 precibus
1197 1120 1367 1191 praeueniret.
1401 1120 1456 1176 h'os
1480 1122 1595 1192 deinque
1619 1122 1694 1178 isaim
1717 1123 1844 1180 uaticinio

205 1211 294 1266 riat.·
312 1210 390 1279 Quod
400 1227 469 1282 opus
490 1211 609 1284 aggressi
632 1226 726 1267 sumus
743 1226 805 1266 eum
827 1209 1000 1265 conhibentia
1051 1210 1133 1274 docti,
1155 1210 1286 1281 quidieit,
1301 1210 1367 1267 llas
1380 1213 1431 1277 uia,
1449 1211 1624 1278 nrrsbnlntejn
1641 1230 1683 1280 err,
1699 1230 1752 1269 non
1763 1213 1844 1269 dccii·

205 1299 377 1358 sacerdotum
389 1302 533 1373 inregnoa
545 1303 601 1358 beo
624 1303 703 1358 nobis
715 1316 845 1357 concesso
858 1299 1001 1356 catholicis
1051 1302 1148 1356 nubitis
1163 1301 1197 1356 nb
1208 1319 1250 1368 cn,
1263 1319 1344 1374 negne
1357 1303 1392 1357 cd
1406 1303 1541 1358 dexteram
1559 1307 1689 1376 nequead
1709 1306 1845 1362 simarum

204 1393 333 1465 gregibus
346 1393 530 1463 praelatorum,
543 1410 595 1448 non
607 1393 770 1463 arroganda
783 1391 937 1464 supercilio,
952 1391 1000 1446 sed
1051 1389 1120 1462 (lan.
1131 1390 1213 1463 sax);
1233 1399 1261 1446 et
1270 1392 1390 1450 doctoris
1406 1393 1528 1464 gentium
1547 1385 1731 1465 praedicationi
1749 1398 1844 1456 admo·

204 1483 264 1539 aclc
275 1482 323 1538 bei
334 1493 364 1539 et
373 1482 497 1538 recitatis
506 1484 611 1540 modic:
632 1484 759 1555 quoniam
779 1484 849 1539 sieut
864 1480 947 1552 justis
972 1489 1001 1536 et
1051 1480 1113 1548 niti,
1132 1481 1180 1552 qui
1193 1497 1244 1538 nos
1255 1483 1327 1539 uiam
1339 1485 1442 1555 regiam
1458 1486 1699 1554 tenereinstituit,
1715 1488 1846 1562 imagines

204 1566 326 1631 honestis
342 1576 425 1631 rebus
442 1576 575 1633 suburere
589 1585 723 1642 salictum,
742 1576 780 1630 its
798 1575 926 1630 nimirum
941 1590 1001 1644 pes·
1052 1572 1080 1627 iu
1095 1574 1263 1630 ornamentis
1277 1574 1453 1631 ecelesiarum
1468 1571 1498 1631 'ct
1507 1577 1639 1633 memoria
1653 1593 1743 1634 rerum
1758 1588 1846 1651 gesta·

204 1664 282 1722 simis
291 1674 319 1720 et
329 1665 489 1721 inordinatis
502 1669 582 1722 rebus
592 1667 712 1722 animum
719 1664 923 1721 accommodare
936 1678 999 1735 pec·
1052 1679 1112 1720 rum
1128 1666 1268 1732 habentes,
1284 1675 1313 1722 et
1324 1666 1413 1722 solum
1424 1666 1509 1722 baum
1521 1667 1666 1724 adorantes
1678 1676 1706 1725 et
1720 1667 1847 1737 ejussaa·

204 1771 268 1813 cars
280 1765 333 1812 est
367 1756 444 1813 Unde
459 1766 487 1813 et
505 1758 589 1813 barid
608 1757 679 1828 quod
699 1756 845 1813 societates
865 1753 998 1810 malorum
1016 1749 1103 1812 lictis
1114 1764 1293 1827 opportunam
1308 1756 1510 1813 uenerationem
1532 1753 1700 1823 exhibentes,
1717 1772 1768 1813 nec
1784 1773 1845 1813 cunr

204 1846 314 1919 ingerit,
335 1848 390 1905 beo
403 1850 482 1919 criasi
496 1865 594 1919 purum
605 1848 769 1906 sacriiiciunr
783 1847 873 1914 cdert,
885 1863 946 1904 cunr
960 1847 1001 1903 di·
1052 1848 1106 1904 iliis
1118 1847 1278 1920 frangimus,
1298 1864 1348 1905 nee
1365 1864 1427 1905 curu
1455 1849 1516 1905 istis
1529 1851 1685 1917 adoramus,
1704 1850 1752 1928 scd
1773 1849 1847 1906 illins

204 1940 259 1994 cita
273 1938 342 1995 Odio
356 1941 436 1995 hebui
450 1943 661 2014 congregationes
674 1941 885 2013 malignantium,
901 1950 1000 1995 etcum
1051 1939 1226 2009 ineptissimae
1242 1940 1339 2011 synodi
1351 1940 1525 2011 scripturam,
1546 1955 1607 2010 quta
1631 1956 1686 1996 non
1699 1942 1787 1997 solum
1800 1939 1846 1995 illa

204 2029 291 2100 impiis
302 2046 355 2085 nnn
366 2031 459 2085 sedebo
472 2030 561 2102 (Psoi.
578 2031 663 2105 rara).
680 2031 713 2086 Et
724 2030 855 2103 iosaphat
871 2047 918 2087 rea
929 2030 1000 2086 luda
1051 2028 1273 2086 locutionecaret
1285 2045 1338 2100 qna
1349 2045 1433 2100 parua
1446 2029 1590 2095 submisse,
1608 2029 1754 2085 mediocria
1775 2037 1845 2085 mm·

204 2133 238 2174 ce
261 2121 335 2190 quod
353 2119 507 2177 israeliticis
533 2124 622 2194 gentis
650 2124 769 2194 pessimo
793 2123 851 2196 regi
873 2122 1000 2178 amicitiis
1050 2127 1154 2190 perata
1173 2133 1269 2190 magna
1281 2118 1420 2190 granditer
1435 2115 1619 2189 proferantur,
1644 2115 1785 2186 sedetiam
1798 2131 1847 2186 pe·

204 2208 314 2279 iunctus
331 2213 378 2279 sit,
407 2214 552 2270 abonrino
570 2225 693 2286 arguitur
716 2231 765 2286 per
785 2215 944 2286 prophetam
956 2212 999 2287 (11
1051 2209 1151 2266 destris
1166 2211 1300 2266 sermonis
1313 2209 1423 2265 modurn
1442 2205 1564 2278 negligit,
1583 2206 1743 2269 abnuentes,
1767 2203 1846 2260 insti·

204 2300 270 2356 Pnr.
284 2303 353 2376 m),
380 2304 544 2377 Chattigiiur
559 2307 733 2378 praeiatarum
750 2306 865 2363 duarum
883 2309 1001 2379 synodo-
1052 2298 1149 2356 ditioris
1160 2300 1258 2363 nostri,
1285 2297 1420 2353 scribonis
1434 2293 1712 2359 tidelioeissomiuici,
1733 2292 1846 2348 nitamur

205 2407 265 2447 rutu
284 2395 441 2452 conditores
457 2411 508 2452 nec
520 2397 593 2453 iliius
618 2398 760 2469 imperitia
779 2413 932 2455 sermonem
952 2399 1001 2455 ba-
1051 2392 1111 2448 ileri
1127 2404 1321 2461 usquequaque
1340 2403 1482 2459 setium·
1510 2384 1645 2454 Q¹¹⁰¹¹i³m
1658 2383 1742 2456 ibiibi
1758 2391 1847 2454 etpu-

204 2486 285 2541 beant
296 2501 349 2557 qua
367 2501 397 2543 se
409 2487 556 2564 Apostolus
570 2490 724 2561 imperiumn
738 2492 803 2548 dicit
814 2507 940 2548 semanno
953 2491 1001 2549 scd
1052 2479 1514 2545 trumanathematizaatiunriilins,
1529 2485 1556 2533 et
1569 2476 1848 2533 utiommanathema·

204 2589 259 2630 nen
272 2574 396 2643 scicntia,
410 2593 461 2634 nec
472 2577 545 2634 iilius
554 2579 784 2650 clementianum
795 2579 910 2651 spiritali
919 2594 1001 2638 wasa
1051 2574 1195 2631 tirantimu
1202 2581 1304 2645 patres,
1312 2572 1414 2628 mistim
1426 2571 1453 2627 1¹¹
1461 2567 1573 2643 brisim
1586 2568 1689 2640 Simili)
1702 2566 1846 2624 hebssfflffi·

205 2665 331 2734 nitorem,
349 2667 385 2724 dc
395 2683 449 2739 quo
459 2683 614 2740 capersana
624 2681 781 2728 sanctorum
793 2669 1001 2742 praedicatorum
1052 2665 1095 2722 nts
1115 2661 1450 2728 mnumrnrdiseursus.
1470 2657 1740 2727 inillamlniius⁴1⁰⁴>
1757 2672 1847 2729 τεΡῐθ·

205 2755 232 2810 iu
246 2755 366 2814 Cantieis
380 2759 550 2817 canticorum
562 2762 691 2819 Ecclesiae
709 2763 820 2830 dicitur,
845 2762 1001 2824 herennius
1051 2759 1210 2817 canaonem
1228 2764 1330 2821 noster,
1353 2753 1460 2810 hvcsrte
1480 2752 1605 2817 bornino,
1623 2750 1730 2823 digeret
1750 2750 1847 2822 stylus,

204 2862 300 2903 esrem
313 2849 442 2919 [sciemus
468 2851 715 2909 tibi·scrnsirsiotns
732 2865 840 2926 argente
855 2853 946 2928 (dent.
961 2855 1000 2927 ri:
1051 2849 1323 2913 nihiiindiscussutu,
1336 2845 1405 2901 nihil
1427 2845 1571 2908 intactum,
1590 2843 1657 2897 nihil
1679 2842 1780 2898 silentii
1802 2856 1849 2898 ca·

204 2937 303 2993 troicum
317 2940 440 2997 ducimus
452 2957 502 2998 eur
513 2944 734 3000 tantaenanitntis
747 2955 829 3000 vetate
843 2943 1000 3012 indatisint,
1051 2941 1143 2997 uernis
1163 2939 1320 2996 obstrusum
1344 2933 1524 3007 preteriens:
1544 2933 1596 2989 nisi
1619 2931 1690 2988 iorte
1709 2932 1782 3003 quod
1800 2944 1849 2987 aut

204 3035 292 3084 utens
307 3033 458 3088 ninnsolonr
476 3034 582 3106 agitare
599 3036 832 3108 praesumpserint,
847 3036 895 3092 sed
918 3038 1001 3093 etiam
1052 3030 1196 3090 difficultas
1226 3026 1374 3085 inordinati
1404 3025 1539 3083 sermonis
1574 3034 1669 3082 nostro
1698 3025 1847 3084 intellectui

204 3125 465 3183 sexrenerabilibus
479 3129 591 3202 synodis
614 3129 794 3187 &numerare
815 3132 906 3186 cenati
928 3129 999 3187 sint:
1012 3128 1038 3193 c
1053 3123 1194 3196 impertire
1220 3111 1379 3191 negaverit,
1404 3126 1452 3173 ant
1474 3116 1587 3188 puerilis
1613 3116 1679 3172 dieti
1707 3116 1847 3187 ineptiam,

204 3229 319 3284 amram
335 3226 431 3276 neutra
440 3221 577 3289 quomodo
591 3236 645 3277 non
652 3222 767 3292 septima
779 3231 840 3294 post
850 3222 998 3289 Nicaeam,
1050 3216 1203 3275 reverentia
1220 3214 1374 3279 cohibente,
1392 3221 1487 3268 noster
1504 3224 1595 3266 sermo
1611 3208 1737 3281 persequi
1754 3210 1849 3280 despe-

204 3305 252 3361 sed
267 3316 313 3362 aut
328 3308 419 3374 tertia,
437 3313 528 3382 priore
540 3322 649 3368 servata
659 3323 721 3386 post
731 3314 941 3380 Ariminensem,
953 3321 1001 3370 aut
1051 3310 1134 3365 rent.

241 3452 254 3481 ⁸
271 3439 350 3508 Quod
367 3460 432 3515 opus
447 3449 564 3518 aggressi
575 3465 666 3504 mmm
679 3466 738 3504 enm
750 3449 897 3505 cohibentia
911 3466 1001 3505 sacer·
1051 3445 1155 3503 clausio
1173 3444 1316 3501 oculorum
1341 3443 1430 3514 signat
1452 3456 1609 3508 assensum,
1629 3440 1691 3523 ideo
1711 3441 1850 3495 canitiem

204 3509 305 3565 dotum.
320 3512 477 3580 Enaendati,
490 3519 665 3584 conhibentia,
676 3521 748 3589 quod
759 3534 856 3575 nomeu
869 3528 911 3575 est
921 3518 1000 3588 huius
1051 3516 1162 3586 punitur
1180 3530 1229 3585 pro
1246 3514 1383 3579 mserrtire,
1405 3511 1524 3580 obediam
1547 3519 1575 3568 et
1591 3519 1656 3567 tunc
1673 3510 1734 3566 rnde
1751 3511 1847 3568 dicitur

204 3582 999 3662 'evi-Lih·¹¹1.c.=p.tl:«Noesynndnmobadorandas
1051 3586 1262 3643 conhibentia.»
1292 3583 1420 3654 bit-paulo
1432 3592 1544 3651 ponz«
1565 3580 1753 3645 Canbibentia,
1769 3581 1851 3637 idest

204 3651 335 3723 lanugines
354 3656 413 3708 sine
427 3658 599 3714 conhibentia
612 3660 790 3730 plurimarum
805 3659 1000 3716 catholicarum
1051 3672 1198 3720 marsus,
1222 3654 1294 3710 idem
1310 3663 1339 3709 et
1358 3652 1548 3734 convenientia
1566 3660 1594 3708 et
1612 3651 1778 3708 coliibentia.
1797 3651 1849 3733 lit:

204 3736 232 3777 et
248 3723 303 3779 beo
320 3725 439 3780 lideliunr
459 3726 640 3784 Ecclesiamm
658 3730 838 3786 universalem
858 3729 1000 3785 ttorrrinare
1051 3726 1098 3783 llic
1117 3727 1176 3781 sine
1196 3723 1350 3780 cohibentia
1374 3724 1417 3780 rel
1438 3723 1611 3778 eontrrrentin
1629 3722 1673 3778 rel
1694 3720 1849 3778 cohibentia

203 3804 341 3849 curarem.
360 3819 369 3846 s
390 3798 467 3864 Quod
481 3797 528 3854 lib.
547 3815 583 3863 rr,
599 3815 659 3871 cap.
675 3800 721 3867 25,
735 3803 772 3858 ita
790 3802 998 3872 interpretatur:
1052 3799 1168 3854 fratrum
1181 3795 1303 3860 recessit,
1317 3795 1344 3850 id
1354 3801 1397 3851 est
1407 3793 1466 3849 sine
1476 3807 1599 3849 assensu.
1615 3812 1625 3846 s
1650 3791 1740 3847 innuit
1756 3798 1850 3861 aperte

207 3882 216 3914 s
243 3863 294 3929 uui
315 3866 418 3936 absque
438 3870 664 3926 consacerdotum
689 3886 738 3942 per
761 3872 883 3937 diversas
907 3871 1000 3927 mundi
1052 3868 1187 3924 vadatura
1204 3863 1328 3934 inhujus
1348 3863 1467 3922 nominis
1487 3863 1634 3932 scriptura.
1659 3861 1802 3934 ligoputo,
1822 3870 1850 3917 et

204 3942 295 4003 partes
319 3939 529 3993 corastimrtormn
553 3955 697 4006 cotrsensu,
720 3953 801 3997 cte.»
829 3942 929 3996 balbus
955 3939 1001 3996 Ja-
1052 3954 1147 3995 cerunr
1159 3945 1212 4002 cst,
1224 3944 1380 4018 corruptam
1394 3935 1571 4016 hancrooctn
1587 3932 1741 3992 aburbsris
1756 3940 1781 3988 et
1798 3932 1849 3988 iun·

204 4005 315 4061 numnis
335 4005 475 4063 camolico
499 4024 508 4064 a
533 4009 698 4067 Cunlribco:
722 4011 804 4067 iubeo
829 4011 1002 4081 componitur
1089 4009 1149 4065 ritis
1159 4006 1362 4077 menachisgurn
1374 4003 1464 4062 Caroh
1476 4003 1518 4059 lia
1556 4018 1649 4070 rmus,
1662 4017 1702 4084 ex·
1713 4017 1755 4069 ea,
1767 4017 1849 4073 quam

203 4087 266 4154 curn
284 4093 351 4142 cors,
371 4086 398 4133 ct
418 4079 516 4135 retinet
531 4098 562 4140 n.
582 4097 642 4150 quac
659 4081 781 4138 aufertur
801 4083 828 4137 in
846 4082 952 4137 cohibeo
973 4092 1000 4138 et
1077 4082 1150 4136 atine
1164 4077 1318 4148 exprimere
1332 4075 1502 4139 debacante
1530 4073 1656 4139 iubentis,
1680 4086 1738 4128 stre
1758 4072 1847 4128 conlu-

204 4145 304 4200 drcitur
331 4148 478 4215 conciliem,
502 4150 530 4206 id
551 4160 608 4218 est,
629 4153 724 4209 oculos
745 4152 880 4218 claudere,
895 4161 923 4208 ct
938 4154 1002 4224 qrria
1056 4151 1154 4207 bernis.
1175 4146 1276 4204 Facilis
1298 4146 1391 4217 lapsus
1407 4146 1435 4201 in
1450 4142 1581 4200 affinitate
1594 4142 1758 4199 litterarum.

212 4294 778 4320 m—-u-

839 4413 990 4495 LIBER
1010 4415 1220 4494 PRIMUS.

881 4578 1170 4597 -———-

463 4673 577 4733 CAPUT
596 4675 742 4734 Pilllilili.
1016 4680 1146 4744 oderes
1161 4697 1214 4753 quo
1226 4697 1256 4739 se
1269 4685 1413 4740 exaltando
1434 4683 1598 4741 noscebatur
1620 4682 1801 4739 demandaret
1820 4689 1849 4738 et

204 4788 243 4845 De
256 4805 286 4844 eo
302 4787 372 4861 guod
385 4785 574 4844 Constantinus
592 4799 617 4842 et
643 4787 758 4844 Harena
781 4791 810 4847 in
827 4790 881 4846 suis
896 4791 1001 4861 scriptis
1052 4783 1154 4843 (ΝΜΟ
1165 4787 1193 4829 ⁸0
1205 4773 1483 4844 Pffliiliififflllllfflih
1495 4772 1753 4843 “hwflalllfflflm
1766 4771 1847 4830 ⁰0¹⁰·

274 4859 375 4922 diesin,
388 4857 440 4913 Per
456 4873 519 4914 eum
532 4859 579 4930 spui
590 4868 739 4930 conregnat
751 4860 829 4915 nobis
846 4861 926 4916 Deus.
1053 4866 1120 4924 Cum
1133 4881 1199 4938 ergo
1212 4873 1336 4922 nastrum
1347 4879 1409 4922 esse
1420 4872 1525 4922 tantum
1544 4864 1626 4921 distet
1638 4878 1654 4918 a
1665 4863 1714 4918 bet
1730 4877 1802 4929 esse,
1820 4869 1849 4918 et

238 4951 402 5022 Plerumque
414 4952 532 5006 laustrana
548 4951 683 5022 fragilitas
701 4967 758 5008 sua
775 4951 1002 5022 impossibilitatis
1052 4966 1175 5013 nostrum
1189 4957 1281 5013 sinere
1303 4955 1338 5012 ab
1354 4954 1524 5025 cinsairere,
1549 4963 1578 5010 et
1598 4961 1721 5008 nostrum
1737 4966 1851 5023 regnare

205 5051 293 5100 nactas
303 5043 418 5107 excedit,
446 5053 474 5099 et
488 5053 591 5115 quanto
602 5059 632 5100 sc
647 5045 808 5115 ultraquam
820 5045 900 5100 debet
913 5045 1000 5100 ertirl-
1052 5050 1087 5105 ab
1098 5046 1158 5118 cjrrs
1166 5064 1290 5119 regnare,
1306 5046 1420 5105 bobada
1430 5047 1619 5118 potiusquam
1634 5043 1793 5100 admiranda
1807 5050 1848 5099 est

206 5135 246 5197 iit,
261 5145 337 5191 taam
346 5137 381 5192 ab
390 5151 423 5192 ea
433 5137 479 5209 qrri
493 5139 519 5193 in
535 5137 598 5193 aitis
612 5138 727 5204 inabitat,
749 5146 775 5194 et
789 5137 901 5193 laumilia
915 5137 1000 5207 respi-
1053 5141 1160 5197 illoram
1172 5140 1363 5212 vecordiaqui
1375 5140 1446 5195 inter
1455 5147 1554 5195 scelera
1566 5153 1626 5209 qum
1642 5137 1694 5194 sibi
1703 5136 1851 5193 indiscrete

204 5225 242 5281 eit
254 5227 280 5281 in
292 5227 363 5283 melo
375 5235 402 5281 et
417 5228 446 5282 in
461 5236 544 5294 terra,
564 5230 681 5285 recedit:
701 5237 856 5299 quarrtoguc
879 5230 913 5284 ad
937 5243 1001 5283 curn
1054 5240 1196 5302 usurpant,
1211 5232 1297 5287 muna
1310 5231 1362 5288 sibi
1377 5245 1545 5303 conregnare
1558 5230 1641 5287 etiam
1653 5228 1757 5285 dieunt.
1775 5226 1850 5284 lilius

205 5318 252 5388 qud
269 5318 392 5374 excelsus
402 5334 483 5390 super
497 5335 592 5376 amares
602 5329 697 5393 gentes
708 5328 769 5388 est,
789 5336 839 5390 per
850 5319 1003 5376 sublimita·
1054 5323 1127 5378 enirn
1150 5337 1222 5390 csso,
1239 5337 1300 5379 esse
1316 5330 1423 5380 taratara
1449 5321 1541 5378 norit:
1567 5320 1651 5377 iuicse
1676 5317 1849 5375 adiuturum

207 5421 261 5467 tern
277 5413 493 5482 appropinquare
504 5421 636 5479 conatur,
655 5421 732 5468 tanto
742 5414 778 5469 ab
795 5425 828 5467 co
839 5426 1001 5483 propensius
1054 5426 1125 5479 esse,
1139 5427 1194 5470 non
1204 5413 1289 5469 norit.
1314 5412 1373 5469 Non
1379 5413 1463 5469 habet
1472 5412 1546 5468 enirn
1560 5419 1666 5483 partem
1678 5410 1849 5477 emacitatis,

204 5503 356 5577 elongatur.
376 5504 475 5573 Quasi
488 5507 596 5562 modum
607 5521 663 5562 sua
672 5506 834 5563 conditionis
849 5522 903 5562 non
915 5505 1002 5578 negli-
1056 5519 1138 5575 quarn
1149 5519 1199 5561 nos
1211 5512 1317 5575 ternpus
1327 5504 1451 5571 dicimus,
1464 5512 1492 5560 et
1503 5503 1532 5559 in
1542 5517 1672 5576 presens,
1681 5501 1850 5575 pmtsdtun

206 5612 261 5675 gat,
277 5603 448 5673 nsrrpermra
459 5611 551 5674 petere
564 5603 663 5671 nitens,
669 5602 703 5660 ad
713 5602 857 5660 humiliora
869 5603 1000 5659 sedernta
1054 5605 1083 5654 ct
1098 5594 1220 5653 intusum
1234 5595 1388 5659 undans,
1408 5595 1456 5652 sed
1471 5594 1556 5652 totius
1569 5593 1731 5652 aternitatis
1752 5592 1781 5651 in
1794 5606 1851 5648 sna

207 5706 297 5755 mente
310 5695 462 5766 submittat,
481 5698 580 5764 poterit
591 5713 620 5754 se
639 5695 793 5754 inclinando
814 5711 847 5754 co
870 5710 1036 5778 eonsecn·m
1039 5691 1179 5778 ‚enuntia
1185 5687 1457 5775 incommutabilitate
1467 5688 1651 5759 integritatem
1662 5688 1776 5752 balma,
1789 5697 1851 5743 csse
