4050 6192
254 334 309 396 2i9
697 331 728 386 B.
747 315 871 386 ctuosi
891 321 1000 380 tinem
1018 318 1093 378 ΟΡΡ.
1114 317 1205 376 etus
1224 317 1244 374 Ι.
1266 317 1388 375 sectio
1407 315 1449 373 tlt.
1713 315 1718 320 '
1839 313 1893 373 220

254 449 589 515 inconvenientesque
605 443 712 499 solsoles
722 450 750 498 et
762 441 919 497 universum
938 449 1051 506 reguum
1067 435 1087 493 Α
1104 430 1138 487 Et
1154 445 1219 487 ecee
1241 431 1311 489 sicut
1334 431 1412 487 nobis
1436 443 1486 502 per
1503 438 1607 486 rostras
1630 430 1744 495 titteris,
1768 429 1850 502 230
1866 440 1893 486 ct

254 540 422 595 Francorum
445 537 561 594 inmites
588 549 648 590 esse
672 545 878 603 permansuram
904 524 1048 596 quoniam,
1101 533 1209 582 nostros
1239 532 1399 595 restrosque
1433 525 1532 581 missos
1561 523 1708 581 maximam
1743 524 1894 582 eonlsdendi

252 630 331 700 justa
354 638 384 685 at
397 629 476 686 nobis
499 626 661 686 excellentia
685 632 775 680 restra
796 620 925 688 innotuit,
949 617 1051 675 scimus
1101 617 1243 674 materiam
1262 617 1401 683 intulistis,
1420 615 1612 689 prestolamur
1636 614 1895 672 letabundabacde

256 723 299 780 cui
310 721 486 778 eredimuset
500 719 568 776 certi
580 732 685 773 sumus.
1101 708 1265 773 renuntias
1282 707 1359 786 vobis
1381 707 1493 778 6666767,
1513 714 1542 762 et
1566 704 1691 761 tolitede
1717 711 1809 760 restro
1821 702 1896 758 betri-

292 812 330 866 be
359 817 453 866 nostra
482 809 573 878 itaque
599 806 717 878 puritate
741 811 771 860 et
791 801 944 862 dilectione,
967 809 1051 868 quem
1100 800 1264 870 momentis
1284 799 1425 880 proposito
1455 796 1597 871 gratulari.
1635 795 1670 853 Et
1693 787 1748 852 bod
1766 794 1895 868 precelsa

255 919 319 975 erga
333 918 382 959 sos
395 910 423 958 et
434 909 562 957 conetmn
574 914 590 954 a
609 899 666 954 beo
676 903 829 968 protectum
843 907 956 965 6666666
967 889 1051 946 Frau-
1101 891 1292 950 christianitas
1302 898 1392 948 restra
1403 904 1453 962 per
1472 890 1582 946 easdem
1596 904 1660 945 suas
1676 903 1692 944 a
1718 888 1797 945 nobis
1818 887 1900 978 petiit

255 1009 350 1051 corum
367 993 468 1049 habore
491 990 686 1062 dignoscimur,
710 987 847 1045 credimm
857 983 915 1054 jam
933 997 983 1038 ros
995 979 1052 1052 ple·
1102 984 1228 1057 syllabas,
1244 982 1394 1055 Georgium
1410 983 1569 1054 episcopum
1588 990 1618 1038 et
1632 981 1742 1039 Petrum
1759 983 1898 1054 pnesbgte

255 1086 367 1143 nissinre
379 1099 440 1140 esse
453 1082 617 1145 satisfactos,
630 1095 749 1152 proquo
767 1088 795 1134 et
810 1074 935 1148 ampliori
951 1073 1052 1130 ceruu·
1102 1093 1162 1134 rom
1183 1077 1211 1132 iu
1222 1085 1313 1140 nestro
1327 1091 1489 1148 permanere
1500 1075 1613 1132 mnino
1628 1091 1680 1132 uos
1690 1075 1794 1132 debere
1800 1089 1899 1132 66666-

254 1178 362 1234 entione
384 1176 470 1231 Deum
484 1174 546 1230 omli
571 1181 668 1230 testem
694 1170 873 1244 proferentes,
891 1168 919 1223 in
935 1182 969 1224 ea
1000 1181 1053 1222 nos
1102 1172 1186 1234 dere;
1206 1177 1234 1225 ct
1253 1168 1363 1239 quidem
1385 1166 1637 1241 precellentissimn
1665 1174 1753 1223 nestra
1774 1165 1900 1238 oenigm-

254 1267 398 1326 coeuntis
434 1265 589 1329 dilectione,
620 1279 703 1335 qnam
726 1271 828 1320 saurae
856 1258 1053 1317 recordatiouis
1103 1267 1145 1316 tas
1157 1266 1286 1330 agnoscat
1307 1273 1358 1314 nos
1367 1257 1527 1326 jamdudum
1541 1257 1575 1313 de
1586 1258 1639 1314 boc
1652 1258 1900 1327 6666666666-

255 1361 356 1416 domno
384 1365 412 1413 et
442 1371 573 1428 germano
598 1364 703 1418 nostru,
729 1353 886 1409 beatissimo
914 1350 1052 1420 56666666
1102 1363 1180 1405 rasse
1196 1348 1327 1404 volcatan
1344 1361 1397 1419 per
1415 1349 1430 1389 b
1447 1348 1586 1404 andream
1612 1347 1713 1419 quippe
1722 1346 1900 1419 religiosissi-

255 1467 335 1522 papn,
350 1459 514 1518 etperenm
533 1462 595 1502 cum
621 1445 748 1501 omnilnrs
771 1441 974 1500 successoribus
984 1455 1054 1509 pon·
1103 1456 1177 1496 mum
1189 1441 1444 1508 missumrcstmm
1459 1440 1542 1496 sicuti
1568 1439 1726 1512 poposcitis,
1741 1439 1768 1494 iu
1778 1439 1900 1495 exaratis

256 1540 384 1603 tilicibm,
408 1554 456 1594 ros
486 1545 640 1608 nostreque
664 1536 781 1601 soboles,
799 1541 936 1590 eteuncta
961 1538 1052 1586 restra
1103 1532 1247 1588 destinatis
1271 1532 1429 1602 apostolicis
1449 1531 1571 1604 syllabis,
1601 1546 1650 1589 eos
1671 1531 1750 1588 robis
1763 1531 1901 1601 (77666667-

255 1631 356 1702 proles,
376 1637 458 1699 atque
481 1628 637 1684 uuiversum
651 1641 763 1696 regnum
788 1623 955 1680 Francormn
967 1633 1054 1690 usquc
1103 1639 1165 1678 rnur
1174 1624 1352 1684 concessisse,
1365 1623 1533 1687 intimantes,
1547 1630 1577 1676 ut
1590 1622 1649 1678 sive
1661 1620 1828 1688 retinendos,
1842 1622 1901 1678 sire

256 1722 286 1778 ln
318 1723 399 1780 duem
420 1720 512 1777 seculi
535 1733 698 1776 matertere
732 1715 924 1788 spopondistis,
946 1720 974 1768 et
1003 1726 1054 1767 nas
1104 1713 1186 1768 ctiam
1207 1712 1385 1768 absolvendos
1407 1721 1576 1769 essecestra
1601 1711 1697 1769 luisset
1713 1713 1847 1779 uoluntas,
1863 1713 1901 1768 ita

256 1813 339 1868 etiarn
356 1817 438 1882 atque
463 1818 572 1866 nostros
594 1821 766 1864 successores
787 1803 928 1876 pontifices
939 1800 1052 1858 conlite-
1070 1790 1187 1862 liueeis
1205 1820 1336 1877 peragere
1359 1804 1505 1862 deberetis.
1527 1804 1604 1863 Unde
1631 1805 1759 1861 etiamst
1781 1806 1902 1863 nuncin

256 1918 319 1958 ntur
336 1917 396 1958 esse
414 1913 607 1971 permansuros
619 1913 669 1970 pro
696 1896 861 1954 exaltatione
882 1901 984 1950 sanem
1004 1889 1054 1947 net
1103 1906 1196 1954 uestro
1218 1896 1365 1954 voluntatis
1390 1897 1504 1954 arbitrio
1530 1898 1694 1963 reinmarus,
1710 1903 1758 1952 ant
1780 1897 1903 1968 qnabter

256 1989 386 2050 emenia
405 1998 433 2045 et
447 1987 510 2043 lidei
531 1987 691 2044 orthodoxe
716 1982 884 2041 defensione.
904 1980 982 2036 Nulla
1004 1993 1054 2035 nos
1103 1988 1181 2044 vobis
1197 1988 1231 2044 de
1245 1988 1439 2059 cisplaeuerit‚
1460 1995 1516 2044 tam
1544 1989 1702 2046 retinendos
1718 2003 1799 2059 quana
1811 1988 1904 2045 absol·

257 2096 350 2137 rerum
374 2079 491 2150 qualitas
503 2079 538 2135 ab
562 2078 658 2135 eadem
684 2074 828 2136 emmaus
848 2071 1054 2129 eoubrnratione
1104 2078 1205 2135 nendos
1219 2076 1345 2144 latiatim
1364 2078 1428 2134 dnm
1451 2078 1536 2135 semel
1551 2078 1659 2135 euobis
1677 2078 1755 2135 nobis
1775 2080 1902 2136 66666667

256 2180 353 2246 potens
365 2172 466 2244 poterit
478 2185 617 2241 separare.
1105 2178 1187 2237 snut;
1208 2169 1256 2226 sad
1270 2170 1373 2226 utinam
1395 2169 1447 2241 ipsi
1464 2169 1612 2241 placabiles
1633 2168 1662 2224 76
1683 2177 1774 2225 restro
1794 2169 1904 2240 possint

293 2263 501 2332 Ditexiiiiitqoe
522 2261 602 2318 [iobis
620 2257 788 2315 extmiieliliae
807 2263 905 2312 Vedirae
921 2253 1056 2310 Christia-
1104 2281 1167 2323 esse
1180 2263 1314 2320 servitio!
1335 2279 1386 2335 pro
1411 2279 1465 2333 (1th
1476 2262 1587 2334 (strigile
1602 2263 1691 2329 nobis,
1718 2262 1830 2333 quidde
1842 2259 1904 2334 epi·

260 2354 344 2418 nitas,
368 2353 525 2425 significans
542 2351 577 2408 de
598 2352 689 2408 missis
713 2349 815 2408 nostris
836 2349 998 2416 vestrisque,
1013 2354 1055 2401 at·
1105 2361 1217 2424 wopam
1238 2352 1361 2424 praedicti
1375 2352 1456 2424 221
1473 2352 1583 2424 Georgii
1601 2360 1630 2409 et
1644 2352 1679 2409 de
1700 2353 1825 2409 Ecclesia
1839 2368 1904 2425 qne

260 2460 313 2517 que
327 2444 494 2510 Grooorum,
518 2443 593 2513 quia
615 2443 691 2514 regia
714 2443 783 2498 urbe
807 2441 910 2497 reuersi
920 2446 992 2503 suut,
1008 2455 1057 2496 eos
1104 2447 1301 2520 praenorninato
1324 2445 1405 2502 Petro
1417 2447 1562 2502 munisse
1582 2454 1636 2510 est,
1657 2460 1787 2517 peragere
1803 2444 1904 2501 debea-

258 2535 331 2608 apnd
344 2550 393 2592 ros
420 2549 481 2591 esse
512 2534 636 2590 detentos
661 2533 782 2599 interim,
810 2531 883 2602 quod
903 2531 1056 2603 aggregatis
1105 2552 1178 2603 mus,
1198 2551 1234 2593 ne
1256 2536 1372 2608 autpbm
1398 2535 1621 2610 illiseadrronitis
1635 2536 1663 2591 in
1678 2536 1791 2592 nimiam
1811 2535 1904 2607 negle-

259 2630 358 2697 restris
383 2627 572 2685 sacerdotibus
600 2635 683 2696 atque
712 2625 888 2698 optimatibus
920 2622 1055 2694 conjicere
1106 2637 1166 2686 oms
1180 2630 1314 2686 incuriam
1326 2629 1481 2686 deveniant.
1568 2653 1573 2662 ·

257 2736 305 2776 sen
324 2725 483 2790 perpetrare
501 2715 615 2771 ualentis
636 2715 702 2785 quid
723 2716 757 2772 de
779 2715 823 2771 bis
841 2729 903 2785 qrrae
925 2715 1002 2771 volsis
1015 2714 1056 2771 di·
1140 2719 1248 2775 lnterea
1272 2719 1340 2776 dnos
1361 2726 1466 2774 uestros
1489 2717 1596 2784 6676666,
1621 2716 1649 2773 id
1666 2725 1708 2774 est
1730 2713 1904 2773 Wuliardnnr

258 2821 332 2868 recta
369 2819 435 2868 sunt
459 2809 677 2880 respondendnm
711 2808 766 2874 sit;
786 2815 814 2863 et
834 2809 945 2879 quidem
976 2806 1056 2864 nobis
1106 2820 1133 2868 et
1147 2797 1216 2880 'ejus
1237 2810 1353 2877 socium,
1379 2809 1527 2866 secundam
1548 2816 1668 2866 rostram
1689 2808 1902 2882 preceptionem

258 2904 358 2961 766666
382 2902 515 2959 realiter
528 2900 719 2958 confidendum
746 2915 801 2957 uon
821 2906 867 2956 est
887 2915 904 2954 6
923 2898 1057 2956 robisre·
1105 2917 1156 2973 pro
1169 2900 1333 2957 utilitatibus
1358 2907 1460 2956 sanctae
1484 2908 1586 2956 nostrae
1609 2899 1748 2965 7766766766,
1770 2899 1906 2972 spiritalis

259 2995 398 3067 sponderi,
430 2994 483 3049 nisi
510 3008 572 3063 qum
599 2991 636 3047 ad
656 2990 849 3047 eaabmiunem
875 2996 1055 3048 sacrosanctae
1106 2992 1203 3052 unns
1227 3000 1337 3057 resins,
1361 2991 1390 3047 in
1414 2992 1457 3048 bis
1480 2991 1605 3063 partibus
1630 2990 1802 3048 reducimus
1832 2991 1904 3049 lllud

258 3085 390 3157 spiritalis
417 3083 512 3138 matris
526 3089 624 3138 vesirae
650 3080 780 3137 Rotnanae
808 3079 946 3145 Ecdeme,
972 3087 1055 3150 ceput
1107 3094 1240 3158 materen
1253 3083 1413 3141 excellentia
1436 3092 1528 3139 uestra
1552 3083 1671 3139 innuerit
1694 3082 1836 3141 Desiderio
1851 3099 1904 3142 vos

258 3175 382 3234 omniun
405 3172 590 3228 Ecdesiarum
609 3172 658 3227 liei
687 3179 771 3242 atque
802 3171 961 3232 orthodoxe
993 3131 1092 3226 fideic
1107 3175 1346 3246 Langobardorum
1360 3175 1419 3246 regi
1431 3174 1574 3240 direxisse,
1586 3181 1617 3231 nt
1628 3174 1771 3240 saxulum,
1785 3192 1903 3247 puerum

259 3267 398 3340 pertinere
411 3272 582 3329 uncertainn
602 3272 630 3319 et
644 3265 707 3333 quia
724 3263 797 3333 quod
810 3262 895 3319 semel
917 3263 998 3318 beato
1008 3262 1057 3318 Pe·
1107 3275 1241 3332 nostrum,
1273 3265 1349 3336 quia
1378 3265 1458 3321 nobis
1473 3265 1565 3336 lugam
1594 3266 1757 3337 arripuerat,
1787 3267 1907 3325 reddere

259 3341 302 3415 tro
313 3366 340 3413 et
357 3371 408 3430 pro
421 3364 530 3412 eternae
543 3356 607 3411 ritae
627 3354 805 3411 retributione
823 3353 969 3420 obtulistis,
983 3353 1056 3411 66776
1107 3358 1228 3414 deberet.
1249 3354 1302 3411 Sed
1325 3363 1455 3428 agnoscat
1480 3353 1672 3413 Cbnistianuas
1699 3365 1803 3423 restra,
1829 3359 1906 3429 qood

259 3464 308 3504 uos
323 3447 435 3503 deberet
450 3445 565 3510 ratione,
579 3445 614 3501 ab
636 3443 696 3513 ejus
713 3442 776 3511 jure
786 3451 815 3499 et
831 3451 966 3516 potestate
979 3458 1057 3513 sepa-
1106 3449 1190 3504 otiam
1209 3462 1258 3503 ros
1271 3446 1405 3503 creditum
1418 3454 1446 3501 st
1470 3446 1608 3518 cognitum
1631 3448 1732 3505 babere
1744 3458 1822 3521 puto,
1837 3465 1907 3506 con·

260 3554 341 3603 rare;
358 3537 459 3593 scirnus
482 3536 567 3600 euim,
582 3535 655 3605 quod
677 3534 750 3589 nulla
764 3534 836 3605 apud
851 3549 900 3591 ros
922 3533 1058 3590 suasionis
1103 3539 1228 3610 junxisse
1256 3537 1436 3611 [peruenisse]
1466 3539 1520 3595 hoc
1544 3539 1694 3610 praeterito,
1725 3549 1774 3596 aut
1800 3551 1859 3598 tum
1876 3545 1905 3598 in

260 3627 391 3684 tabulatio
404 3625 546 3698 prevalet,
572 3625 637 3681 duna
650 3625 742 3680 dirim
758 3630 841 3680 rerba
854 3632 883 3680 et
909 3623 1058 3697 apostolica
1108 3631 1225 3706 lbani„
1237 3628 1327 3696 Germ,
1341 3628 1475 3702 autumni]
1485 3636 1607 3700 tempure
1625 3641 1638 3672 ⁰
1656 3633 1783 3689 eumdem
1793 3629 1911 3691 Deside-

260 3721 421 3778 doenmeuta
431 3719 546 3774 tirmiter
556 3718 585 3773 in
595 3718 775 3775 restrocorde
785 3717 1058 3774 retinetisadnexat·
1108 3726 1179 3783 rium
1192 3723 1429 3802 Langobardorum
1447 3734 1538 3796 regem
1552 3724 1586 3780 ad
1601 3725 1785 3798 apostolorum
1795 3726 1905 3796 limina,

296 3908 309 3938 ⁸
327 3895 367 3950 Ex
388 3894 432 3951 his
446 3893 543 3951 inierri
560 3902 636 3952 certo
647 3910 728 3966 posse
745 3893 812 3950 mibi
825 3894 942 3961 ridetur,
956 3892 991 3949 ad
1003 3892 1058 3949 duo
1107 3896 1263 3954 Graecorum
1279 3895 1422 3967 legationis
1446 3905 1524 3953 erant
1542 3896 1651 3980 capita:
1666 3913 1750 3954 unum
1772 3900 1807 3956 de
1824 3915 1906 3974 repe·

260 3983 292 4023 ca
312 3966 349 4021 ita
362 3965 524 4037 redigendas
534 3981 596 4021 esse
614 3963 770 4021 Graecorum
791 3965 946 4036 petitiones,
961 3979 1058 4035 nempe
1109 3967 1197 4023 mndis
1209 3966 1293 4022 trabs
1307 3967 1461 4037 regionibus
1479 3967 1620 4039 aPipptno
1635 3967 1763 4026 Ecclesia
1773 3970 1906 4030 unusne

261 4054 276 4092 a
309 4035 466 4092 orthodoxae
479 4036 541 4090 lirici
566 4050 676 4090 causam
691 4035 769 4091 etad
784 4037 958 4091 donationem
973 4034 1059 4088 Esar·
1109 4037 1256 4102 attributis,
1277 4036 1392 4092 alterum
1413 4036 1447 4092 tle
1459 4038 1654 4107 qrtaestionibus
1665 4041 1801 4110 suprascri
1822 4041 1867 4097 tis.
1891 4064 1901 4094 s

261 4104 720 4176 ebatusetPentspolisaPippino
739 4104 838 4160 iactam
857 4112 952 4159 saneto
965 4103 1056 4168 Petro,
1109 4107 1240 4162 Francor.
1272 4106 1356 4164 etiam
1384 4107 1495 4162 annolus
1517 4108 1641 4163 liabent:
1674 4109 1783 4165 (7666
1802 4058 1904 4167 imbuit

261 4177 367 4248 quibm,
381 4192 442 4231 curn
449 4177 539 4245 magni
547 4176 676 4232 momenti
683 4182 839 4241 secerneres
845 4173 1011 4230 Francorum
1019 4190 1061 4229 re·
1109 4177 1235 4233 dominus
1244 4176 1366 4248 Pipinus.
1386 4214 1394 4231 .
1409 4216 1417 4231 .
1435 4176 1569 4249 synodum
1581 4193 1708 4249 magnam
1719 4179 1792 4235 inter
1806 4180 1907 4237 liuma-

262 4248 396 4330 spondere
404 4246 500 4310 noluit,
520 4243 1059 4314 antequan1Parrnmse1oenuasincon
1110 4262 1159 4303 uos
1177 4257 1205 4302 et
1222 4246 1331 4304 Grecos
1344 4247 1378 4302 de
1390 4255 1485 4303 saneta
1496 4247 1617 4312 civiate,
1637 4249 1722 4304 uelde
1745 4257 1906 4308 sanctorum

262 4317 326 4374 crlio
337 4316 453 4371 audiret.
481 4316 580 4369 linrou.
595 4315 670 4383 (arm.
687 4312 749 4379 766,
769 4330 844 4369 uum.
860 4311 1060 4385 6766666676-
1110 4315 1284 4387 imaginibus.
1320 4337 1329 4368 r
1360 4315 1483 4387 Cumque
1504 4325 1566 4388 post
1589 4318 1723 4390 synodum
1750 4322 1906 4393 perrexisse

263 4392 374 4442 tneruut
384 4379 426 4440 766
438 4385 545 4449 litterae,
557 4383 733 4453 coniectando
752 4383 916 4454 assequitur,
931 4383 1059 4439 aGraecis
1110 4401 1173 4441 eum
1187 4387 1280 4442 dicant
1293 4386 1319 4441 ln
1333 4386 1517 4456 Aquitaniam,
1533 4402 1586 4457 qna
1596 4389 1768 4445 expeditione
1780 4390 1905 4452 iunctum

263 4471 317 4511 nna
332 4469 394 4510 noan
412 4454 580 4520 muneribus,
600 4454 741 4525 opiniones
763 4470 858 4511 666666
884 4454 1008 4525 proprias
1026 4454 1059 4510 de
1073 4458 1138 4544 „in
1151 4457 1267 4527 patriam
1284 4456 1409 4522 rediisse,
1429 4463 1457 4513 et
1477 4457 1582 4513 Pascua
1599 4443 1650 4585 tim
1670 4458 1769 4530 April.)
1792 4462 1907 4519 7766666

264 4524 336 4581 cultn
357 4524 503 4595 imaginum
516 4522 660 4580 infeliciter
672 4524 768 4581 allatas
785 4540 847 4582 esse
864 4525 892 4580 iu
903 4524 1056 4580 umectam.
1112 4527 1273 4592 celebrasse,
1289 4534 1364 4599 patet
1382 4528 1526 4585 concilium
1550 4528 1598 4584 illu
1637 4544 1697 4586 esse
1714 4531 1837 4587 habitum
1852 4533 1906 4590 snb

266 4595 298 4650 Et
308 4593 407 4665 Pagios
420 4595 514 4650 eodem
530 4610 601 4651 auno
615 4593 700 4666 (num.
730 4596 758 4669 3)
776 4595 914 4651 annalium
937 4594 1059 4650 testimo-
1112 4598 1169 4668 ipsa
1192 4597 1269 4652 initia
1290 4598 1353 4653 anni
1369 4595 1432 4664 767,
1456 4597 1528 4668 quod
1555 4598 1654 4654 mirum
1677 4600 1706 4655 iu
1734 4603 1844 4658 modum
1860 4617 1908 4660 re·

265 4666 319 4730 uia,
338 4672 365 4720 et
377 4665 512 4736 praecipue
522 4664 669 4736 Eginbardi
685 4667 768 4720 rerba
789 4665 907 4721 aderens
921 4665 1059 4721 dedenu-
1112 4668 1227 4737 spondet
1243 4668 1317 4723 676ιί
1342 4666 1422 4737 hujus
1443 4668 1573 4738 epistole,
1598 4685 1658 4739 quae
1680 4677 1803 4726 extremo
1830 4687 1905 4729 amno

264 4735 376 4792 liacensi
400 4735 515 4808 synodo,
540 4735 617 4805 cnjus
645 4735 778 4791 Bnronius
808 4736 893 4791 etiam
923 4736 1056 4800 mention,
1111 4737 1163 4792 766
1185 4738 1340 4808 conscripta
1355 4737 1415 4804 luit,
1436 4747 1466 4794 ut
1492 4753 1555 4794 mon
1577 4739 1729 4796 ostendam.
1757 4740 1844 4813 Caput
1867 4744 1906 4800 de

194 4865 196 4867 ,
264 4805 349 4861 multa
362 4806 485 4877 congerit
496 4806 546 4860 abs
567 4820 607 4871 re,
631 4804 699 4861 nibil
721 4806 802 4861 habet
822 4805 856 4861 dc
868 4806 919 4861 liae
932 4805 1056 4875 epistola,
1110 4807 1270 4880 Pippiniaua
1283 4808 1428 4864 donatione
1442 4807 1477 4864 ab
1496 4807 1638 4865 annalistis
1660 4809 1768 4867 silentio
1790 4812 1906 4868 obsnio-

264 4874 807 5014 netensentientium·
824 4873 1056 5002 7777776777·
1110 4878 1451 5016 67677767777777
1466 4878 1557 5004 ilii
1575 4881 1627 4936 ¹¹²⁰
1645 4880 1768 4952 „nn
1782 4889 1812 4937 ¹¹¹
1825 4898 1906 4939 ⁰⁰²²·

265 5016 327 5083 767,
339 5032 373 5071 ex
385 4961 488 5072 dionis
498 5015 699 5072 Chrorricohac
710 5017 868 5072 adducens:
890 5035 900 5068 t
924 5016 1005 5072 Facta
1016 5028 1059 5098 cst
1144 5018 1250 5074 tinsu
1287 5013 1487 5090 rioriepistola,
1507 5033 1587 5087 quam
1602 5027 1675 5077 recte
1697 5019 1795 5092 Pagios
1809 5020 1907 5079 retulit

265 5087 385 5158 synodus
405 5101 476 5141 6666
497 5086 602 5142 lucam.
625 5086 704 5142 born.
728 5085 790 5150 767,
804 5087 957 5158 etquaestio
970 5098 1058 5142 renu-
1109 5089 1144 5146 ad
1161 5106 1205 5145 au.
1218 5088 1254 5145 76
1271 5104 1343 5161 ,per
1355 5087 1493 5145 Andream
1513 5088 1644 5147 Gundrici
1658 5091 1763 5147 socium
1783 5090 1904 5148 faculta-

266 5157 320 5211 lnta
332 5157 402 5212 inter
414 5155 523 5212 Grecos
534 5165 560 5212 et
573 5158 710 5215 llomauos
721 5157 756 5214 de
769 5158 915 5225 Trinitatc,
930 5166 1056 5215 etutrorn
1110 5169 1164 5215 tem
1176 5161 1233 5231 regi
1249 5167 1422 5216 concesserat
1433 5159 1569 5215 detinendi
1582 5159 1728 5233 Georgium
1745 5162 1906 5235 episcopum

267 5227 385 5300 Spiritus
405 5227 599 5283 sanctussicut
621 5228 743 5299 procedit
762 5244 778 5284 a
795 5229 886 5295 Patre,
907 5229 945 5283 ita
963 5243 1057 5299 prooe-
1109 5228 1272 5298 Ostiensem,
1291 5239 1319 5286 et
1333 5229 1442 5286 Petrum
1464 5229 1555 5301 presb,
1578 5231 1752 5288 cardinalem.
1771 5231 1909 5290 Eamdcnn

266 5300 341 5354 data
358 5296 435 5356 Filio.
454 5299 533 5353 etde
551 5307 706 5354 sanctornm
730 5300 903 5371 imaginibus,
930 5307 1057 5355 utrumne
1108 5300 1207 5356 itenrm
1224 5300 1358 5366 concedit,
1381 5307 1478 5372 petens
1495 5300 1560 5370 qrtid
1573 5302 1606 5357 de
1627 5301 1760 5370 ecclesiis,
1782 5300 1908 5375 quesite

267 5369 462 5453 singendmaut
483 5368 626 5497 pingendae
641 5376 719 5425 crant
738 5371 766 5425 in
784 5370 915 5452 ecclesiis,
946 5389 956 5422 r
977 5369 1058 5452 cipite
1108 5372 1203 5426 tandiu
1219 5371 1357 5454 deserunt,
1372 5369 1505 5453 agendum
1516 5377 1604 5441 putet.
1615 5371 1655 5427 76.
1822 5442 1829 5457 ⁸

266 5439 1059 5592 :sitienti,danielli-‘iststillent
1088 5440 1907 5594 v,niuultult‘litnnlbtt‘nitninti

268 5588 350 5642 ratos,
371 5595 453 5649 quarn
467 5580 570 5652 legatos
584 5580 631 5649 qni
653 5595 714 5635 cum
728 5580 832 5637 Graccis
844 5589 974 5637 venerant
986 5580 1058 5635 Con·
1110 5597 1200 5639 censis
1219 5582 1414 5637 celebraretur..
1433 5580 1499 5638 lude
1522 5591 1614 5638 autem
1634 5583 1729 5655 liquet,
1756 5582 1905 5656 Pipprnum

268 5649 452 5720 stantinopoli.
478 5649 619 5706 Postremo
644 5650 734 5707 allatis
748 5652 838 5707 neritis
857 5651 923 5734 ipsis
938 5650 1059 5706 Paulines
1110 5652 1181 5708 baud
1198 5667 1275 5708 mora
1299 5666 1464 5707 convocasse
1483 5653 1634 5725 episeopus,
1646 5670 1679 5711 ac
1702 5653 1908 5711 chrmcortnn

267 5717 399 5789 epistole,
421 5719 454 5775 dc
466 5721 565 5792 qrribns
577 5721 699 5792 agimus:
714 5740 724 5772 r
738 5721 797 5777 lino
807 5722 946 5788 ninurum,
959 5720 1058 5791 inquit,
1109 5721 1304 5793 questionibus
1316 5721 1463 5780 sententias
1481 5720 1593 5779 Patrum
1606 5724 1752 5782 audiuisse.
1765 5722 1793 5779 76
