4050 6192
182 314 253 373 tina
575 307 664 364 blunt
683 305 855 364 canuntur
876 334 911 345 -
928 303 1040 360 Cthll.
1058 302 1102 356 DE
1118 301 1214 358 tnnc.
1233 332 1268 343 -
1287 301 1351 385 titt.
1371 302 1413 357 ln.
1746 302 1813 363 tlte

179 435 230 478 aas
245 417 401 488 Scripturas
420 416 637 480 continentibus,
648 424 704 479 ¹ant
725 415 827 485 aliquid
845 412 970 483 bttjusee-
983 416 1008 475 Λ
1022 413 1177 467 monasterii
1190 413 1276 468 saneti
1289 414 1404 469 Andreas
1423 415 1450 467 iu
1470 428 1541 483 saepe
1565 422 1712 471 memorata
1724 418 1815 474 ranis·

179 506 265 573 modi,
276 505 304 561 id
314 519 330 560 e
340 503 477 560 contrario
492 503 669 573 incomposite
680 510 707 558 et
718 501 861 558 ridiculose
872 499 972 555 dixisse
1022 504 1214 576 sinnasynodu,
1226 520 1287 578 quae
1297 522 1346 576 pro
1356 505 1669 575 adorandisimaginibns
1679 514 1753 578 gesta
1762 517 1815 574 est,

179 598 277 662 lentur,
302 597 330 650 in
344 595 440 649 nenne
457 593 552 647 dirime
566 594 729 664 seripturis:
756 591 828 663 quod
851 591 969 661 quidem,
1021 594 1114 661 refert,
1133 593 1193 650 titt
1210 596 1332 667 unqelum
1348 596 1500 667 inimuqine
1521 606 1713 668 persequentem
1726 599 1811 653 irruiti-

179 689 251 745 sicut
267 683 486 757 praesttimus,
501 681 756 753 ³1t03³¹¹fiaef³⁸1¹¹s
776 697 830 750 quo
846 690 873 736 θῑ
886 679 971 735 mum
1021 687 1139 743 tudinem
1153 687 1334 743 barbarorum.
1346 686 1415 741 llam
1427 687 1492 741 dum
1506 686 1533 742 lti
1546 687 1591 756 qui
1605 687 1633 741 in
1645 689 1739 744 eadem
1752 704 1816 760 syn-

180 779 233 836 sibi
246 789 413 845 eerrreguare
434 784 501 830 etse
515 776 592 830 diros
613 788 769 844 nuncupare
793 779 970 844 praesumunt,
1023 779 1076 834 nnn
1094 779 1178 836 misse
1195 786 1390 844 memoramur,
1419 777 1646 848 patriarcharum,
1671 780 1812 850 propheta.

179 868 325 941 protulisse
340 866 495 927 creduntur,
513 864 683 919 insanirent·
723 862 826 918 Siren)
845 861 918 917 aliud
931 861 973 917 di·
1023 886 1082 924 rum
1095 880 1309 941 naturarumque
1322 879 1480 927 sanctorum
1492 879 1520 926 et
1539 870 1684 927 illustrium
1694 873 1815 929 uirorum

180 975 244 1016 cere
258 958 407 1030 cupientes,
422 955 494 1011 aliud
506 956 609 1018 «litere.
626 969 675 1010 ¹¹0⁰
686 963 761 1009 tanta
776 954 803 1008 itt
817 953 858 1007 tls
870 953 973 1007 acumi·
1022 961 1103 1016 rerba
1114 962 1149 1017 ob
1161 960 1500 1032 imaginnmadorationem
1511 961 1699 1018 stabiliendam
1708 974 1816 1033 pertur-

180 1049 278 1105 ttistlt
296 1055 347 1111 0⁸²2
365 1054 395 1101 ¹¹1
412 1060 472 1116 (1¹¹ae
490 1044 572 1099 wide
598 1043 762 1113 millium,
775 1042 820 1096 lix
838 1041 921 1096 cerlis
940 1056 972 1096 ³⁰
1022 1048 1088 1105 bate
1100 1049 1230 1116 nitantur,
1237 1065 1285 1106 eos
1296 1051 1412 1119 denique
1421 1050 1721 1121 patriarchasqutedam
1729 1056 1817 1124 egisse

182 1141 298 1213 propriis
313 1136 684 1207 verbissignibearequeant,
699 1132 804 1203 igniaria
817 1139 873 1187 est:
886 1146 973 1201 aeper
1021 1152 1082 1208 qnae
1095 1155 1148 1195 „011
1170 1139 1275 1210 egerint
1298 1139 1473 1205 mentiantur,
1502 1154 1556 1194 ῃοῃ
1570 1147 1611 1194 ese
1626 1140 1777 1196 mirandum
1794 1142 1816 1197 st

183 1232 234 1290 boc
249 1234 276 1288 in
292 1229 423 1286 utramuis
441 1235 545 1299 partem
562 1241 611 1296 per
637 1225 714 1280 deria
725 1232 771 1279 aut
790 1224 916 1293 superbia
933 1221 972 1277 le·
1022 1228 1545 1301 etiamloannemilbrysostomurntalia
1561 1230 1660 1286 dixisse
1672 1232 1819 1288 criminen-

183 1322 359 1387 runturelati,
375 1328 421 1375 aut
430 1318 588 1389 ignorantie
597 1315 751 1387 caliginosis
758 1304 974 1370 retinaculiscre·
1023 1323 1077 1372 tur.
1090 1317 1218 1389 Nunquid
1227 1319 1299 1374 enim
1313 1319 1441 1392 praelatus
1464 1320 1506 1375 uir
1528 1329 1583 1375 tant
1597 1321 1735 1390 eloquens,
1751 1330 1817 1377 tam·

183 1416 284 1472 duntur
293 1410 401 1468 addicti.
435 1408 502 1476 Quis
513 1423 580 1478 ergo
597 1422 714 1476 unquam
727 1405 785 1460 sani
807 1405 903 1475 capitis
921 1405 974 1459 tale
1023 1422 1077 1477 que
1092 1408 1215 1463 eruditus
1225 1408 1350 1463 diceret:
1372 1407 1430 1463 Vidi
1452 1409 1578 1480 unqelnm'
1593 1410 1620 1462 in
1633 1411 1746 1481 inrnqine
1757 1426 1819 1482 per·

183 1505 248 1576 quid
259 1501 376 1557 dixerit?
392 1499 459 1566 Quis
473 1514 546 1553 sanae
556 1496 654 1552 mentis
668 1496 720 1550 tale
731 1496 795 1566 quid
811 1495 974 1565 protulerit?
1022 1505 1168 1566 sequentem
1178 1495 1351 1550 barbararum
1363 1497 1568 1564 ntultitudinenr,
1594 1515 1656 1555 eum
1669 1501 1752 1557 sciret
1771 1516 1818 1556 an-

183 1596 249 1665 Quae
265 1595 401 1661 uecordia,
420 1608 513 1663 quaere
532 1591 568 1646 sit
581 1590 700 1646 anteatia
720 1590 856 1645 bominem
872 1598 974 1644 morta-
1023 1588 1144 1659 gelorum
1160 1588 1339 1645 immortalem
1352 1597 1477 1642 naturam
1487 1605 1658 1661 nequaquam
1677 1598 1706 1646 nt
1719 1594 1753 1647 ab
1772 1593 1820 1649 lio-

182 1688 245 1752 lern,
268 1685 439 1758 passionibus
460 1681 655 1750 subjacentem,
677 1678 923 1750 dicere:Seriptum
935 1686 972 1732 eet
1023 1678 1141 1735 minibus
1159 1680 1283 1735 rideatur
1303 1682 1472 1751 picturarum
1487 1696 1548 1738 esse
1561 1682 1709 1752 indiguam.
1750 1684 1819 1740 Sunt

183 1780 211 1833 in
228 1778 323 1832 nostris
350 1774 444 1828 diuinis
465 1769 621 1842 scripturis?
639 1767 668 1824 Si
692 1784 758 1839 ergo
770 1769 885 1834 nostrie,
910 1782 977 1839 quo-
994 1762 1100 1822 Beninr
1117 1777 1214 1822 natura
1231 1769 1351 1839 spiritus,
1369 1767 1458 1824 officio
1482 1770 1579 1841 angeli,
1599 1771 1645 1842 qui
1663 1778 1693 1825 ut
1717 1773 1751 1828 ab
1774 1773 1821 1827 bo-

183 1864 431 1924 medediuinielllt
446 1858 976 1931 sidirinie,quomodnnoatriaillbbn-
1027 1859 1145 1914 minibus
1181 1860 1266 1915 rideri
1300 1861 1425 1931 possint,
1457 1877 1571 1930 eurpnra
1595 1877 1629 1918 ex
1656 1864 1822 1921 lucidissimo

184 1961 257 2016 utine
269 1972 331 2029 ergo
345 1956 484 2012 derivatur
499 1953 642 2017 tamenne,
659 1968 675 2006 a
690 1952 746 2006 lieo
757 1950 894 2005 derivatur
908 1947 977 2001 diesi·
1026 1951 1137 2015 uthere,
1163 1967 1214 2007 nec
1224 1967 1258 2006 es
1270 1953 1403 2023 pictorum
1418 1953 1533 2024 opilleiis
1551 1970 1688 2011 assumere
1708 1958 1822 2012 eredun-

183 2062 244 2102 nns.
280 2046 384 2102 Nostra
410 2045 511 2101 etenim
534 2040 904 2111 seripturaebumanoesunt,
929 2036 977 2092 bet
1026 2046 1086 2094 tur:
1102 2040 1238 2097 undenou
1262 2051 1304 2098 est
1320 2043 1527 2099 credendumne
1545 2043 1677 2100 aloanne
1691 2046 1748 2100 viru
1767 2046 1822 2102 elo-

184 2138 331 2207 Scripturm
345 2132 442 2190 dirime
466 2142 529 2191 sunt
545 2153 552 2188 :
572 2133 606 2188 de
620 2132 758 2188 codicibus
773 2141 861 2185 tannen
877 2139 978 2185 sancte
1027 2131 1205 2200 quentissimo
1216 2132 1270 2188 tale
1281 2131 1382 2187 dietum
1398 2134 1433 2188 sit
1443 2133 1588 2204 prelatum,
1606 2136 1679 2204 qnod
1693 2150 1743 2191 nee
1764 2151 1823 2192 rer-

183 2229 251 2299 legis
273 2228 362 2283 dicere
379 2242 429 2282 nos
450 2226 519 2282 ratio
542 2225 682 2296 permittit,
704 2223 787 2278 nostri
803 2222 924 2285 codices,
944 2221 978 2276 de
1027 2223 1070 2278 bis
1081 2225 1117 2279 sit
1129 2224 1287 2295 expolitum,
1305 2240 1355 2281 nee
1365 2239 1446 2281 sertsu
1459 2225 1645 2292 lucidum,nee
1656 2227 1709 2281 ulla
1720 2229 1824 2285 ratione

133 2392 135 2395 .
185 2320 333 2391 Scripturis
347 2334 410 2376 reru
424 2318 523 2375 diuinis
544 2332 598 2373 non
618 2316 698 2372 aliter
721 2315 774 2370 nisi
786 2315 891 2371 diuinas
906 2313 978 2368 Seri-
1028 2315 1183 2370 subnixum.
1219 2317 1268 2372 Est
1279 2317 1351 2373 enim
1367 2318 1394 2373 in
1413 2319 1554 2374 coritium
1570 2321 1641 2390 quod
1654 2320 1824 2392 grammatici

183 2421 278 2487 pturas
289 2404 362 2466 reete
372 2418 399 2464 et
413 2407 603 2465 convenienter
621 2405 770 2462 secundum
789 2405 921 2460 rationem
936 2404 978 2459 di·
1028 2407 1260 2478 amphiboliam,id
1273 2415 1315 2464 est
1339 2410 1543 2481 ambiguitatem
1570 2413 1696 2470 dictionis
1721 2429 1825 2472 nuncn-

185 2514 248 2557 eere
263 2500 393 2554 valemus.
424 2496 499 2563 Esto,
523 2495 686 2552 hoedietum
697 2494 893 2550 rationabiliter
904 2500 979 2549 stare
1028 2498 1177 2569 paut,quia
1190 2498 1255 2553 dum
1267 2498 1377 2566 dieitur,
1398 2498 1825 2576 l'idianqelnminimnqineper-

184 2602 300 2667 poterat,
316 2609 378 2648 eum
390 2601 480 2647 tamen
499 2606 553 2645 non
576 2590 671 2661 possit,
692 2605 746 2660 quo
756 2605 807 2644 nec
820 2589 853 2644 de
872 2588 979 2658 jaetan·
1028 2603 1176 2664 sequentem
1188 2592 1361 2648 barbararum
1372 2595 1465 2654 ament,
1474 2608 1527 2649 non
1538 2576 1676 2651 euidenter
1687 2579 1824 2664 eneeseit,

186 2686 230 2740 tim
240 2684 313 2739 loute
327 2682 472 2738 scaturisse
489 2688 656 2746 nosceretur,
673 2697 722 2736 nee
732 2681 765 2736 de
777 2680 919 2766 imperitis
932 2680 980 2734 ba·
1030 2694 1121 2741 utrum
1134 2686 1259 2756 angelum
1273 2687 1301 2739 iu
1317 2684 1435 2754 imagine
1451 2684 1547 2741 riderit
1579 2686 1625 2756 qui
1646 2686 1710 2743 alibi
1732 2704 1821 2759 perse-

187 2778 280 2832 ratbro
289 2791 412 2831 niunasse
424 2775 589 2839 crederetur,
608 2773 634 2826 in
649 2772 809 2842 eodenique
820 2770 979 2843 reprebendi
1030 2785 1159 2845 queretur
1181 2777 1358 2831 barbarorum
1383 2775 1598 2843 multitudinem,
1633 2792 1668 2832 an
1700 2780 1826 2850 angelum

99 2922 102 2931 ,
187 2870 274 2925 modis
284 2869 408 2925 omnibus
420 2873 555 2938 poterant,
567 2866 639 2937 quod
651 2881 713 2920 eum
725 2865 761 2921 sit
770 2862 865 2921 inutile
877 2862 980 2919 inutili·
1030 2865 1094 2920 alibi
1109 2865 1197 2922 risum
1211 2865 1372 2921 luisseetin
1389 2867 1507 2937 lanugine
1527 2869 1704 2924 barbarorum
1733 2884 1821 2939 perse-

187 2969 230 3017 ter
244 2958 277 3016 ad
291 2977 348 3017 rem
373 2960 506 3026 inutilem,
532 2960 565 3014 ad
577 2959 723 3031 imaginum
742 2959 867 3015 uidelicet
884 2957 981 3014 adora·
1031 2955 1076 3024 qui
1091 2956 1287 3012 multitudinem
1299 2975 1306 3010 :
1319 2957 1392 3027 qued
1403 2958 1512 3027 quidem
1526 2958 1627 3013 dictum
1640 2960 1701 3015 etsi
1723 2962 1774 3016 boc
1788 2960 1828 3016 ri·

187 3052 288 3107 tionem
317 3051 501 3116 astruendam,
530 3050 666 3119 prolatum
692 3048 775 3104 luisse
798 3048 980 3103 rnetrstraturi
1032 3046 1070 3101 tio
1083 3055 1197 3112 careret,
1225 3046 1285 3102 aliis
1306 3048 1529 3116 qnoqucindiciis
1546 3048 1613 3102 tanti
1633 3049 1747 3105 ririuon
1766 3063 1826 3105 esse

188 3154 201 3184 ι
217 3142 272 3199 Nee
287 3141 417 3213 refragari
441 3142 466 3197 ei
479 3148 567 3212 potest
579 3141 696 3210 quodam
715 3138 794 3194 mode
809 3138 978 3208 simplicitas,
993 3113 1017 3176 C
1033 3146 1183 3209 appareret,
1195 3137 1242 3208 qui
1254 3137 1443 3208 dumejnsdem
1458 3153 1511 3194 non
1526 3137 1714 3203 lueritastatis,
1730 3140 1828 3195 ridicu·

187 3250 246 3305 quae
259 3238 417 3305 plerumque
429 3232 510 3288 rectis
521 3231 671 3301 quibusque
684 3231 815 3286 inluurere
827 3230 905 3295 solet,
918 3245 979 3284 enm
1032 3229 1195 3285 lusissimnrn
1214 3240 1247 3284 ae
1266 3230 1354 3298 potius
1369 3228 1544 3284 salsissimum
1564 3236 1635 3284 essct
1651 3243 1714 3283 eunt
1727 3230 1827 3297 dicere,

188 3325 215 3380 id
231 3340 284 3379 non
302 3339 378 3394 pura,
395 3338 448 3376 uon
463 3331 545 3385 reeta,
566 3322 613 3376 sed
631 3337 758 3391 peruersa
769 3321 907 3376 uoluntate
921 3337 982 3392 pro
1039 3319 1098 3374 l'idi
1111 3318 1232 3390 unqelum
1244 3319 1370 3374 burburus
1390 3328 1593 3390 persequentem,
1613 3318 1669 3387 qni,
1691 3319 1718 3373 ni
1737 3318 1827 3385 fallor,

189 3415 273 3470 latum
286 3430 346 3469 esse
360 3423 473 3469 antistet.
517 3411 546 3466 st
572 3412 645 3465 enirn
665 3427 699 3467 ex
720 3411 872 3466 rusticitate
888 3421 981 3466 saneta
1032 3410 1132 3465 uidisse
1143 3424 1172 3465 se
1184 3410 1209 3464 iu
1222 3410 1327 3479 pictura
1338 3412 1460 3465 eamdem
1471 3409 1613 3465 historiam
1627 3410 1772 3466 abartiliee
1781 3411 1830 3466 de·

126 3565 128 3569 ,
189 3509 307 3591 quaesibi
318 3508 404 3563 selum
414 3508 549 3564 interdum
565 3506 680 3577 prolicit,
690 3504 849 3574 simpliciter
862 3512 890 3558 et
904 3504 982 3558 inno·
1032 3504 1142 3572 pictam,
1158 3518 1210 3573 qua
1222 3504 1334 3573 augelus
1345 3505 1525 3559 barbarorum
1536 3503 1640 3573 pridem
1652 3519 1754 3559 cutiens
1765 3522 1828 3574 prn-

189 3619 249 3668 cne,
263 3612 291 3658 et
307 3618 361 3657 tren
375 3602 408 3657 ad
423 3600 524 3672 aliquid
543 3599 666 3654 illicitum
684 3593 857 3652 asserendum
871 3609 980 3663 proces·
1033 3600 1174 3657 straverat,
1188 3602 1347 3661 prosecutus
1357 3594 1403 3648 sit.
1415 3593 1490 3648 llulti
1504 3594 1603 3648 etenim
1618 3594 1710 3650 diserti
1728 3605 1756 3650 et
1772 3594 1830 3651 eln-

189 3696 257 3751 sisse
269 3693 482 3765 dignosceretur,
498 3689 577 3744 alteo
589 3688 635 3758 qui
647 3694 783 3742 scrutator
794 3683 884 3739 cerdis
893 3692 921 3737 et
934 3698 979 3738 re·
1033 3683 1202 3753 quentissimi
1212 3682 1263 3736 riri
1274 3684 1302 3737 in
1315 3698 1425 3738 suarum
1436 3684 1649 3754 dispositionum
1663 3687 1824 3743 uastissimis

190 3800 254 3843 uum
265 3791 316 3849 est,
330 3780 539 3852 quiplerumque
550 3776 701 3839 uoluntates
714 3774 892 3844 potiusquam
906 3780 983 3827 aetus
1034 3772 1147 3841 campis,
1158 3780 1239 3843 prout
1251 3772 1318 3827 ordo
1328 3780 1356 3826 et
1367 3771 1537 3838 ratiodictat,
1553 3773 1622 3828 sicut
1634 3782 1827 3831 etenterarum
1883 3822 1894 3843 ,
1965 3792 2002 3831 μ

189 3876 351 3940 considerat,
371 3873 396 3928 ci
410 3868 587 3941 proculdubio
600 3867 794 3938 ignosceretur.
820 3863 895 3918 Sicut
911 3862 983 3917 enim
1034 3880 1135 3931 rerum,
1154 3866 1319 3935 picturarum
1337 3865 1418 3920 etium
1439 3874 1467 3920 et
1480 3865 1627 3935 imaginum
1641 3866 1743 3923 iaciunt
1754 3884 1829 3923 truen-

190 3967 261 4023 mala
277 3966 401 4021 proruptas
412 3960 462 4016 etsi
478 3975 532 4015 non
544 3958 645 4028 aliquid
659 3957 723 4011 tnali
739 3970 823 4026 opere
833 3961 981 4026 perpetret,
1034 3957 1147 4013 tionem.
1185 3955 1261 4024 Quod
1284 3957 1348 4012 dum
1376 3958 1413 4013 illi
1432 3957 1478 4030 qui
1498 3958 1604 4013 illarum
1630 3959 1829 4016 adorandarum

191 4068 281 4113 tamen
293 4070 342 4126 pro
352 4049 580 4120 aetuplerumque
592 4056 708 4112 leuetur·
721 4046 759 4101 ita
769 4046 899 4102 nimirum
913 4046 983 4101 botta
1034 4048 1350 4120 msluuruuturltgentos
1360 4049 1519 4120 repererint,
1536 4056 1780 4120 totuntpersertere
1795 4050 1829 4105 ad

192 4145 316 4199 noluntas
327 4157 376 4212 pro
390 4140 461 4195 bene
473 4153 555 4208 opere
570 4151 676 4207 semper
686 4136 829 4208 accipitur.
868 4134 945 4204 Quod
954 4143 984 4191 ut
1035 4155 1128 4196 earnm
1148 4149 1282 4195 conantur
1295 4139 1490 4205 adorationem,
1507 4148 1537 4194 ut
1553 4140 1676 4195 uidelicet
1690 4140 1752 4194 inde
1764 4155 1829 4195 cun-

192 4233 325 4304 exemplis
343 4233 518 4298 illustremus,
536 4228 685 4285 eternam
707 4228 776 4285 mata
794 4227 918 4283 voluntas
930 4243 983 4297 qua
1036 4240 1077 4288 tra
1091 4246 1151 4297 nos,
1166 4229 1337 4302 quibemino
1350 4240 1486 4286 annuente
1497 4230 1553 4286 ueri
1566 4246 1659 4285 snmus
1671 4231 1829 4286 adoratores

192 4323 320 4397 populum
333 4322 379 4377 Dei
390 4321 551 4377 maledicere
563 4321 705 4393 cupiebat,
723 4332 878 4390 quanquam
901 4319 935 4374 ad
956 4318 984 4374 id
1035 4322 1064 4377 in
1076 4322 1172 4392 spiritu
1183 4328 1211 4378 et
1226 4321 1339 4378 ueritate
1358 4319 1467 4376 Patrem
1487 4321 1641 4384 adorantes,
1668 4337 1742 4375 suam
1757 4321 1829 4376 iner-

193 4419 263 4492 quod
281 4417 480 4475 desiderauerat
493 4431 548 4472 non
558 4413 720 4486 peruenerit,
745 4411 919 4481 aculpanun
933 4410 984 4468 luit
1036 4428 1108 4471 inem
1130 4423 1264 4469 armatam
1282 4411 1526 4469 ellieereaiieetent
1549 4410 1737 4475 assertionem,
1758 4412 1829 4481 quod

193 4510 345 4577 indemnis3
376 4517 404 4563 et
425 4508 509 4563 David
535 4508 605 4563 bena
631 4505 756 4561 uoluntas
776 4518 828 4574 qua
853 4502 983 4571 templum
1000 4482 1072 4562 1’ab
1089 4503 1392 4576 eloquentissimisriris
1409 4502 1554 4575 quamdam
1572 4502 1717 4572 irruginum
1731 4501 1831 4556 laetam

193 4587 306 4658 [lomim
323 4598 459 4657 aedificare
479 4597 625 4667 cupiebat,
650 4610 804 4667 quanquam
821 4608 904 4666 opere
929 4609 984 4650 unu
1037 4596 1119 4654 luisse
1131 4598 1451 4668 reperiantmentionem,
1474 4594 1552 4666 quasi
1571 4595 1604 4650 de
1617 4594 1744 4649 dumibus
1764 4610 1831 4666 quo-

184 4692 274 4751 luerit
306 4689 431 4761 expleta,
459 4686 559 4744 (illinis
579 4695 670 4741 lamen
690 4694 733 4742 0⁸1
746 4683 898 4741 ⁰⁰ll³t¹dtl³
923 4698 986 4738 0rt·
1037 4706 1097 4748 rum
1108 4676 1832 4756 mentiointractatibuslit,entitinuoprmeeptaden-

194 4784 270 4845 culis.
1038 4791 1092 4839 tur.
1123 4781 1241 4838 ioannes
1267 4779 1352 4852 igitur
1371 4778 1526 4849 presbyter,
1556 4776 1600 4833 eui
1625 4778 1688 4833 dum
1702 4777 1832 4849 praelatus

495 4846 610 4905 CAPUT
628 4847 688 4902 xx·
1038 4872 1206 4930 Theodosius
1218 4867 1769 4937 abbasloaunemCortstantiuupulitunutn
1779 4871 1833 4938 epi·

196 4945 232 5001 De
254 4963 283 5000 ⁶⁰
294 4943 364 5027 ‘Vs-w
375 4939 490 5021 'wasme‘
507 4937 640 5018 prmum
653 4934 797 4989 Tl⁸⁶⁰d⁰⁸f⁰
817 4935 985 5034 “bb‘f‘esnf'
1038 4979 1150 5033 scopum
1164 4963 1265 5017 dixisse
1275 4959 1445 5024 mentiretur,
1466 4956 1527 5011 Vidi
1541 4957 1661 5030 nrtqelunr
1680 4959 1708 5012 in
1718 4960 1832 5029 intitqine

229 5025 336 5070 renuent
350 5007 552 5065 suncttdndrere
563 5014 687 5059 recitante
696 5003 771 5059 uerba
782 5005 893 5060 Jouttms
902 5004 949 5058 biri
956 5022 985 5074 p-

229 5085 347 5147 testoni,
356 5090 381 5135 et
391 5079 493 5132 dicente
504 5093 513 5131 :
525 5076 585 5131 llidi
593 5075 717 5144 attgclnru
732 5075 759 5128 in
772 5074 986 5144 imagineperse.
1037 5066 1230 5127 persequentem
1242 5052 1414 5108 barbarorum
1423 5052 1627 5119 multitudinem,
1635 5054 1759 5123 protinus
1765 5057 1831 5111 sub·

230 5151 538 5226 quenmmbarbammm
549 5143 757 5207 multitudinem,
772 5145 854 5199 dirit:
872 5144 937 5210 Quis
945 5153 987 5199 est
1036 5145 1161 5215 junxisse
1174 5142 1260 5199 fertur
1270 5151 1297 5197 ct
1310 5142 1411 5198 dixisse
1426 5160 1432 5195 :
1451 5141 1515 5207 Quis
1532 5154 1568 5198 est
1582 5145 1631 5199 iate
1644 5144 1764 5217 anqelm,
1780 5148 1831 5201 nisi

232 5226 282 5281 iste
298 5219 418 5294 angelus.
446 5219 497 5273 ”15¹
514 5220 546 5273 (Ιθ
565 5214 760 5286 ¹l¹¹⁰⁸⁰f5ll¹¹¹¹¹¹
778 5213 984 5296 ⁰⁵²²,Q¹¹⁰¹¹i²!¹¹¹
1040 5236 1132 5308 dequo
1151 5235 1346 5306 scriptumest?
1374 5234 1506 5300 Quoniam
1523 5236 1631 5306 nnpeiua
1649 5236 1757 5291 Domini
1769 5254 1830 5308 pet·-

231 5293 342 5365 angelus
358 5290 463 5345 Domitii
474 5286 608 5359 percussit
619 5295 728 5340 eentum
742 5293 898 5354 octuaginta
910 5300 987 5352 quur·
1104 5328 1110 5339 .
1341 5327 1347 5338 .
1449 5327 1454 5335 .
1564 5329 1600 5340 ,,
1714 5330 1721 5341 ,
1807 5331 1813 5342 ,

231 5380 285 5435 que
300 5362 384 5418 mima
396 5361 570 5431 Assyriorum
585 5357 612 5411 jn
624 5371 677 5411 um
687 5364 767 5412 me
780 5356 806 5409 in
815 5355 930 5410 circuitu
942 5355 988 5410 qe,
1040 5336 1120 5380 eusnt
1129 5334 1232 5382 centum
1243 5335 1394 5398 oetunqrnte
1409 5342 1522 5398 qumque
1534 5327 1618 5383 utilite
1629 5329 1832 5400 Aasgnommrn

232 5435 350 5491 rusulum
360 5429 577 5487 exercitantium.
1043 5436 1096 5473 unu
1108 5429 1182 5474 noete
1197 5416 1351 5475 incircuitu
1368 5417 1516 5473 Jerusalem
1529 5422 1740 5476 exercitantium.
1770 5418 1830 5477 lam

231 5520 478 5582 Dixisselounueut
491 5519 714 5589 Glrrysostoutunt
731 5514 991 5573 Theodosiusabbus
1044 5515 1070 5569 in
1084 5512 1206 5584 pluribus
1231 5510 1302 5566 illius
1314 5526 1391 5567 rann
1412 5510 1536 5567 lectionis
1564 5512 1631 5568 loeis
1648 5528 1708 5583 qun
1722 5527 1757 5567 ex
1780 5512 1833 5568 bec

235 5668 247 5697 t
267 5656 322 5710 Nec
338 5656 467 5726 resrnquri
478 5657 502 5709 er'
516 5662 597 5723 potest
607 5651 722 5725 quodum
734 5652 811 5708 modo
824 5651 989 5727 simplicitas.
1010 5652 1175 5709 Emendator
1190 5650 1320 5721 reposuit,
1332 5648 1484 5720 snffrnani.
1511 5646 1545 5703 bt
1570 5649 1651 5704 serbe
1663 5647 1792 5719 resrtrqmi
1805 5650 1832 5701 in

201 5729 251 5785 boe
266 5728 418 5796 significatu
432 5727 514 5781 etiam
524 5739 607 5794 supra
620 5739 686 5779 usus
700 5732 742 5780 est
756 5724 802 5779 tib.
817 5739 848 5779 tt.

1874 3874 1957 4043 β
