4050 6192
16 2188 17 2193 η
86 2122 241 2194 iginbardn
267 2123 371 2189 tributi,
387 2132 415 2181 et
432 2121 581 2178 Bertiniani
601 2122 878 2178 terbisaliiscontlr·
930 2121 1070 2190 sliomam
1084 2125 1220 2195 pontilicis
1237 2126 1279 2184 sni
1294 2125 1377 2196 (ddr.

16 2204 17 2217 ¹
87 2203 176 2258 mant:
195 2212 205 2250 i
224 2192 285 2250 Non
298 2194 373 2263 prius
393 2193 535 2250 ordinatus
546 2209 599 2258 est,
613 2208 695 2264 quam
710 2191 816 2261 legatus
828 2193 879 2250 im·
929 2190 1097 2264 Stephanum
1112 2195 1243 2256 inlocum
1255 2194 1315 2265 eins
1328 2198 1537 2253 oonsdtnemnt.
1553 2195 1728 2266 linderrspe-

92 395 141 451 lii
174 391 254 450 COD.
274 389 361 447 bibl.
375 422 411 433 -
426 390 574 460 BONUM,
591 392 681 459 ETG„
694 391 760 450 stc
777 389 890 448 const
903 389 1111 452 carnotinus.
1122 425 1158 440 -
1171 395 1258 456 nass.
1272 397 1317 454 DE
1331 396 1419 453 oms.
1436 396 1565 458 scoot.
1581 398 1635 458 cn.
1671 402 1738 460 stt·

89 510 181 583 grette
199 527 217 561 ι
233 507 272 562 lta
290 514 352 576 post
374 503 535 576 Gregorius
553 505 586 562 ili
601 521 673 565 anno
696 506 748 562 idi
773 505 879 561 instau·
891 514 918 567 a
931 506 1015 574 dedit,
1034 522 1069 564 ne
1082 524 1162 566 mana
1179 509 1338 570 electionem
1361 511 1552 580 condrmareta
1578 516 1628 572 aed
1645 514 1726 572 ucet-

90 590 144 638 rata
166 586 208 661 est
221 576 379 660 prisea-illua
401 575 581 659 consuetudo.
591 576 716 659 mittendi
740 577 879 660 decretum
930 577 1012 701 plina
1026 579 1280 656 assimulansque
1298 595 1348 637 suo
1365 581 1588 649 aenoobtinebat,
1606 584 1725 654 primum

89 649 449 717 escalonisadprmcrpem
466 662 538 700 anno
557 647 681 702 videlicet
701 645 753 705 ili
769 663 795 702 rn
815 645 880 701 Leo-
941 649 1051 713 atebris.
1066 650 1327 707 deindeoonstantia
1350 659 1454 708 tantum
1476 668 1546 709 onus
1559 669 1590 712 se
1604 654 1728 712 aremari

89 724 129 781 nis
139 720 174 776 tt
185 718 328 782 electione,
348 717 458 771 tametsi
476 716 543 772 Urbi
557 717 707 787 perieulum
735 716 880 773 imminens
895 719 899 728 “
930 718 1003 773 serio
1015 726 1128 777 testatus
1141 729 1192 777 est.
1209 721 1355 791 Postquam
1370 731 1462 778 autem
1472 721 1626 781 Ludoniens
1637 725 1658 780 ll
1673 719 1740 781 lto-¹

90 789 279 862 impedimento
300 786 360 852 luit,
388 787 454 855 quin
465 785 553 855 jussio
575 803 607 842 ac
626 788 701 843 missi
726 785 881 868 imperiales
931 787 1012 844 tharii
1030 790 1170 858 patrissui
1184 788 1450 862 jossnapostolicnm
1465 793 1633 866 privilegium
1652 794 1727 852 obti-

89 867 318 932 esspeetarentnr.
335 857 516 925 Quamobrem
534 857 686 928 hujusmodi
708 858 881 912 instauratio·
930 857 1000 923 nnit,
1018 858 1128 922 Leoli,
1140 861 1354 927 Benedictuslll,
1370 861 1497 919 Nicotaus
1508 861 1529 930 l,
1543 864 1723 930 Adriannslb

89 930 128 987 nis
144 940 214 987 atas
232 936 274 985 est
292 929 360 984 adeo
375 934 461 993 certa,
478 935 507 982 ut
518 943 552 983 ex
566 928 736 985 documentis
753 927 880 988 sublestae
930 937 958 982 et
968 926 1087 988 loannes
1101 931 1168 995 vill,
1190 932 1310 1003 quinque
1323 941 1351 988 et
1364 933 1457 1004 viginti
1478 949 1610 990 annorum
1624 936 1724 1007 spatio,

89 1002 145 1057 lidei
157 999 271 1056 extundi
284 1012 454 1067 nequaqnam
473 998 579 1054 debeat.
926 996 1004 1067 juxta
1019 1002 1195 1057 constitutam
1219 1003 1290 1060 hanc
1311 1004 1449 1071 pontilicis
1465 1005 1629 1062 auctoritate
1644 1005 1726 1064 disei-

121 1071 204 1142 116
219 1067 362 1126 xxxiiii.
381 1066 491 1124 Certant
502 1069 574 1122 banc
590 1066 712 1139 pristiam
734 1065 880 1137 subjectio
929 1069 1043 1138 pliuam,
1067 1070 1220 1142 inaugurati
1244 1071 1362 1128 luerunt.
1387 1073 1472 1131 Serus
1502 1084 1544 1132 ost
1568 1076 1603 1132 de
1627 1090 1725 1132 novam

89 1139 127 1196 nis
139 1140 364 1197 instaurationem
388 1138 527 1207 praecessit
539 1153 621 1194 causa
633 1151 711 1208 acque
731 1146 816 1203 cerm,
830 1153 881 1194 cnr
930 1142 1133 1198 sumessoribns
1144 1140 1256 1200 loannis
1271 1141 1329 1199 vui
1342 1143 1479 1200 sexdecim
1493 1159 1627 1202 annorum
1638 1145 1726 1216 spatio

88 1209 199 1284 &agius
215 1208 391 1280 apostolicam
405 1207 601 1279 sedemjngnm
614 1206 881 1279 ‘ampridemexcus-
930 1209 965 1265 ab
989 1226 1061 1267 anno
1084 1211 1137 1268 882
1151 1213 1187 1268 ad
1209 1213 1263 1271 898
1286 1214 1389 1281 electis,
1402 1213 1528 1272 videlicet
1551 1214 1668 1272 Martiae
1691 1215 1723 1280 ll,

88 1297 143 1336 sum
163 1280 258 1339 subire
277 1281 375 1336 itemm
391 1287 540 1350 pateretur,
565 1278 604 1333 Lu
642 1279 731 1335 rioum
755 1277 880 1334 videlicet
929 1278 1050 1336 Adriano
1063 1281 1105 1342 iti,
1121 1282 1260 1353 Stephano
1283 1284 1317 1349 V,
1334 1284 1484 1350 Formosa,
1510 1281 1652 1343 Boniiacic
1673 1286 1723 1349 iil,

87 1359 170 1406 ratam
191 1351 322 1407 babuisse
344 1349 501 1406 canoniam
528 1348 688 1405 electionem
702 1347 827 1420 Gregorii
843 1347 879 1406 li
930 1347 1069 1420 Stephano
1082 1352 1125 1419 tt,
1140 1352 1272 1418 Romano,
1296 1354 1440 1410 Theodoro
1452 1354 1485 1421 ll,
1508 1364 1537 1411 et
1559 1353 1663 1414 losnnc
1677 1356 1724 1419 tx,

87 1437 154 1478 anno
176 1421 242 1479 827.
264 1420 486 1491 Quarrdoquidem
515 1418 659 1475 Valentino
718 1426 744 1474 st
769 1420 879 1475 brevem
929 1434 998 1488 quos
1025 1437 1120 1476 omnes
1137 1423 1241 1493 absque
1258 1421 1382 1492 jusmone
1397 1425 1530 1496 principis
1546 1426 1727 1483 miserrumis

87 1491 383 1563 quadragintadierum
405 1489 592 1560 pontiticatum
692 1488 880 1560 eute,Grego-
928 1491 1226 1560 praesentiaordiuatos
1237 1494 1555 1563 compertumerit.Quse
1569 1511 1614 1552 res
1628 1494 1725 1553 Garolo

16 1572 17 1629 ζ
88 1561 189 1620 nosti
201 1562 255 1617 rite
268 1561 371 1618 eleetos
384 1568 543 1617 constanter
553 1559 621 1615 adeo
640 1575 776 1615 summum
794 1558 879 1616 bono·
928 1558 1030 1616 Crasso
1039 1570 1068 1617 et
1078 1563 1282 1621 macenariam
1296 1563 1441 1635 pemnale
1456 1565 1484 1620 id
1498 1564 1729 1640 priuilegiumde·

16 1648 17 1655 ¹
87 1648 139 1687 rem
157 1630 492 1699 recusarit,uthdorici
511 1630 661 1687 auctoritas
678 1629 879 1686 accessissein·
929 1629 1203 1689 luissedemonstmt.

86 1703 209 1758 satiatur
227 1708 292 1758 ante
316 1701 395 1759 electi
420 1700 556 1772 pontilicis
582 1700 825 1756 consecrationem.
849 1698 879 1754 ld
964 1700 1021 1757 nt.
1036 1701 1113 1769 Tres,
1131 1703 1228 1761 Garolo
1242 1704 1342 1762 Crasso
1358 1705 1518 1775 imperante,
1540 1705 1618 1762 electi
1631 1701 1738 1764 conso-⁴

87 1781 201 1829 testatur
211 1772 394 1828 Astronomus
405 1772 432 1827 in
452 1771 513 1828 Vita
524 1769 653 1826 ludovici
665 1769 728 1826 Pii:
750 1768 879 1840 ‹Grego-
928 1772 1051 1841 critique
1076 1782 1140 1829 sunt
1161 1775 1313 1845 pontilices,
1336 1791 1452 1846 qnorum
1479 1784 1646 1847 postremum
1666 1776 1729 1832 Ste-

87 1842 139 1898 rins
157 1843 305 1925 presbyter
319 1843 362 1896 tit.
382 1842 469 1898 sancti
486 1840 568 1896 darei
588 1839 700 1924 electus·
712 1849 771 1907 est,
793 1839 877 1923 dilata
893 1837 1084 1963 prauumi
1097 1845 1188 1926 ignota
1203 1847 1283 1904 nobis
1299 1860 1426 1902 excausa
1443 1846 1591 1916 imperator
1599 1862 1672 1918 aegre
1686 1857 1738 1904 tu·.

87 1921 290 1972 emaecmtrom
304 1911 362 1982 ejus
381 1927 466 1982 usqne
479 1912 513 1967 ad
527 1911 680 1969 consultum
693 1919 876 1982 imperatoris,
941 1916 968 1974 tt,
992 1928 1024 1968 se
1048 1929 1134 1972 insero
1156 1924 1279 1973 creatum
1303 1931 1373 1973 esse.
1398 1915 1466 1973 ilem
1488 1916 1598 1976 tradant
1616 1917 1729 1973 nortales

87 1998 136 2054 qno
146 1992 288 2039 annuente
304 1983 501 2042 etelectinnem
511 1981 577 2040 cleri
590 1989 618 2038 et
632 1981 723 2053 popuii
733 1981 876 2051 probante,
928 1981 1077 2039 Fnldermcs
1097 2001 1144 2056 ap.
1160 1986 1308 2042 Froberum
1325 1986 1409 2059 (tom.
1433 1986 1454 2052 l,
1470 2001 1499 2056 p.
1516 1985 1573 2058 89)
1592 1986 1737 2054 simulquew

86 2052 227 2114 mdinatus
247 2053 327 2112 estin
349 2053 409 2110 loco
421 2052 530 2123 prioris.
548 2071 559 2107 ι
581 2050 668 2120 Quam
689 2067 746 2108 nrm
766 2051 879 2108 annales
928 2051 1037 2120 doceiit,
1058 2069 1140 2136 piram
1159 2055 1263 2112 inutilis
1279 2054 1360 2112 luerit
1382 2055 1498 2197 dpppsti
1517 2055 1727 2193 epopostrtlatiarpa:

1470 2142 1530 2182 mor
1575 2141 1671 2210 compe

86 2264 217 2340 pemtoris
242 2262 356 2325 Romam
371 2263 454 2330 serait,
468 2272 496 2319 et
513 2263 675 2320 electionem
687 2263 778 2345 populi
789 2262 878 2334 qualis
928 2271 1003 2318 rator
1016 2263 1111 2334 iratus,
1126 2263 1198 2337 quod
1212 2282 1245 2323 eo
1257 2266 1411 2324 inconsulto
1422 2266 1509 2323 ndum
1523 2268 1650 2324 oroimre
1661 2282 1729 2336 prm·

86 2341 167 2399 isset,
180 2333 360 2396 examinarit
379 2354 389 2388 ι
405 2333 453 2389 llis
470 2334 579 2408 quidem
597 2333 760 2389 testimoniis
779 2331 879 2405 Pagins
928 2345 1112 2405 sutupsernnt,
1137 2335 1212 2393 arisit
1231 2337 1432 2403 lintwardum,
1448 2348 1477 2393 et
1494 2338 1627 2407 quosdam
1645 2333 1727 2394 bom.

86 2403 181 2475 aliique
195 2414 314 2460 utuntur
337 2404 370 2460 ad
385 2405 553 2474 suppositam
567 2403 681 2474 dugenti
706 2411 735 2458 et
754 2402 878 2460 botharii
928 2403 1167 2478 sedisepiseopos,
1190 2408 1237 2478 qui
1259 2423 1323 2464 enm
1346 2406 1513 2477 deponerent
1528 2425 1536 2462 ι
1551 2408 1624 2477 quod
1646 2407 1730 2477 perd-

86 2475 318 2538 constitutionem,
340 2473 375 2530 de
417 2490 450 2538 ua
468 2474 598 2539 diximus,
613 2474 809 2538 roboraniam3
830 2472 879 2529 sed
928 2487 991 2528 cere
1017 2475 1129 2532 minime
1152 2486 1310 2547 potuerunt.
1339 2476 1411 2534 llam·
1431 2478 1578 2549 prendimus
1603 2476 1736 2547 punitos.

86 2559 143 2599 enm
163 2545 251 2601 iidem
274 2543 385 2600 annales
398 2490 534 2607 *alentini
550 2544 713 2602 electionem
733 2552 761 2599 et
783 2559 878 2600 conse-
929 2542 1086 2613 imperatori
1102 2561 1153 2617 per
1169 2548 1274 2619 legatos
1285 2562 1361 2614 suos,
1379 2547 1524 2618 plusquam
1539 2548 1574 2608 id
1586 2548 1729 2618 episcopo·

86 2615 256 2679 mationem,
288 2614 361 2671 nulla
385 2630 536 2671 consensus
565 2613 714 2685 imperialis
741 2613 879 2670 mentione
930 2629 989 2670 rum
1013 2616 1133 2680 nonnius,
1152 2625 1180 2672 et
1196 2616 1317 2673 omnium
1337 2618 1568 2688 presqurorun,
1591 2625 1621 2676 et
1635 2613 1728 2678 dam

85 2683 163 2750 lema,
178 2685 313 2750 referant,
324 2683 448 2755 Gregorii
461 2683 552 2754 potius
572 2683 711 2741 muneratis
725 2698 807 2741 causa
827 2684 878 2739 im·
928 2698 1027 2740 norom
1037 2685 1225 2752 cardinalium,
1237 2698 1319 2757 atque
1334 2686 1471 2744 inlerioiis
1485 2688 1586 2759 gradus
1596 2703 1727 2758 persom

85 2753 216 2893 pinnatam
242 2756 433 2811 anctoritatem
457 2755 640 2826 imperatoris,
664 2761 695 2809 ut
718 2754 878 2810 eanonicam
928 2768 1000 2820 mm,
1012 2769 1118 2812 necnon
1139 2764 1168 2814 et
1180 2757 1311 2814 laicomm
1323 2757 1478 2828 principum
1491 2757 1612 2829 regionis
1621 2756 1729 2828 scripta

95 2832 240 2900 natamque
257 2825 417 2890 electionem
429 2835 560 2891 tueretur,
579 2825 777 2889 demonstrant,
795 2840 878 2895 qnam
929 2821 1084 2892 destirrarit,
1098 2826 1145 2896 qni
1157 2841 1254 2884 omnes
1266 2828 1432 2884 unanimiter
1445 2843 1508 2886 enm
1527 2827 1678 2899 elegerunt,
1698 2834 1732 2883 et

86 2893 878 3038 serarananantecantamenta
928 2891 1057 3020 ena
1087 2896 1729 3039 aare

86 3034 255 3105 mennam
278 3036 313 3090 ab
334 3038 428 3092 eornm
452 2981 671 3109 flndorim‘dng,
689 3033 877 3094 contirmatam
928 3043 1034 3098 cretum
1047 3007 1171 3093 tribuunt
1192 3038 1452 3095 damasecratiouis
1470 3037 1597 3095 libertate
1611 3036 1729 3110 pristina

86 3119 152 3162 aaran
162 3105 217 3162 817
231 3106 259 3160 in
272 3103 421 3175 diplomate
434 3106 469 3163 de
480 3121 535 3182 qno
546 3107 660 3179 agimus,
680 3105 878 3176 posterioribus
928 3104 1057 3176 deinceps
1075 3105 1241 3178 recipiendo,
1257 3108 1399 3166 brevitatis
1414 3123 1480 3180 ergo
1502 3107 1726 3179 pretermittam

86 3175 157 3233 bisce
182 3178 353 3246 argumentis
373 3177 512 3232 infirmare
536 3177 717 3241 contendunt,
738 3174 795 3244 iam
820 3174 877 3231 dixi
928 3175 956 3231 id
971 3185 1061 3234 autem
1074 3174 1209 3234 ammian
1227 3178 1317 3235 nullus
1334 3177 1438 3247 dubito,
1464 3177 1538 3249 quod
1558 3177 1728 3261 Garolinglos

87 3247 123 3312 ln.
133 3246 179 3317 tt)
192 3246 290 3318 quanti
307 3254 431 3319 oporteat
450 3246 509 3302 lieri
523 3247 675 3316 argumenti
688 3246 759 3302 istud
779 3260 875 3315 gertus.
890 3257 915 3329 c
929 3244 1001 3301 inter
1013 3246 1150 3330 domatus
1168 3248 1291 3317 praedicti
1304 3248 1358 3306 dno
1370 3248 1503 3306 duntaxat
1516 3247 1658 3320 privilegio
1672 3256 1727 3306 uto

86 3313 219 3373 Gaeternm
244 3332 326 3371 cansa
354 3325 428 3373 certa
451 3316 608 3373 instaurate
637 3314 812 3386 subiectionis
835 3324 879 3371 est
929 3317 1119 3385 personalrusi
1134 3327 1208 3374 sunt.
1223 3319 1370 3376 Gumaero
1392 3318 1572 3378 sexdeoimiis
1585 3318 1665 3374 aunis
1678 3319 1727 3389 qni

86 3386 212 3456 praedicta
231 3386 379 3458 imperialis
396 3387 567 3444 auctoritatis
584 3387 758 3456 imploratio:
772 3387 878 3446 instan-
928 3385 1256 3446 octariloannisobitum
1266 3388 1405 3447 muscenti
1419 3396 1494 3454 sunt,
1504 3386 1727 3459 nsqrcadtom

87 3465 157 3512 rator
173 3463 270 3512 autem
293 3456 443 3530 Serginsll
467 3465 575 3530 petente
597 3457 724 3513 Lotiaario
747 3456 879 3513 Ludorici
927 3454 970 3511 nis
982 3455 1020 3513 ix
1032 3457 1196 3514 creationem
1217 3474 1289 3515 anno
1309 3458 1363 3516 898
1373 3457 1459 3516 multa
1480 3458 1553 3518 maia
1573 3457 1724 3525 evenerint,

87 3527 147 3583 diro.
160 3525 216 3582 llic
231 3527 422 3599 qnandiupins
434 3529 541 3598 genitor
554 3527 624 3584 uixit
641 3527 679 3586 nil
691 3527 754 3583 nori
768 3527 878 3583 molitus
926 3522 1102 3598 eiusdemque
1123 3526 1236 3585 ioannis
1249 3528 1409 3586 electionem
1430 3528 1592 3601 θοιςίιιιιιιιι
1606 3528 1726 3586 schema

86 3606 138 3663 ist,
160 3597 302 3655 Lndorino
314 3608 405 3654 autem
420 3609 528 3655 mortno
548 3614 621 3654 anno
633 3597 697 3664 stc,
720 3605 748 3654 et
768 3596 878 3653 ineunte
926 3597 1104 3667 perturbant,
1121 3599 1207 3656 sensit
1221 3597 1267 3655 hic
1283 3598 1405 3671 pontifex
1418 3615 1474 3657 non
1488 3613 1548 3656 mse
1559 3599 1655 3656 inutile
1672 3600 1727 3656 im·

87 3667 295 3725 llldecedeute
316 3670 399 3724 etiam
411 3667 542 3740 Gregorio
554 3668 600 3735 li,
613 3683 675 3725 cnm
695 3667 810 3724 llomani
828 3683 878 3739 pro
926 3666 1023 3735 periali
1055 3667 1218 3726 auctoritate
1246 3677 1352 3728 tantum
1380 3669 1518 3742 negotium
1545 3676 1725 3739 pertractare.

87 3738 152 3796 illus
172 3740 300 3808 emporis
321 3738 462 3810 disciplina
489 3739 615 3811 &rmum
636 3738 782 3808 elegissent
795 3746 879 3808 atque
927 3736 1109 3805 Quamobrem
1122 3739 1302 3796 eodemanm
1315 3739 1430 3797 mueilio
1445 3748 1611 3810 congregato
1626 3736 1725 3812 (door.

86 3809 267 3874 ordinassent,
289 3810 443 3867 inconsulto
464 3810 639 3880 imperatore,
654 3808 878 3866 hieLndoaieurn
927 3816 995 3865 tom.
1009 3806 1055 3871 lli,
1071 3822 1099 3878 p.
1112 3807 1181 3882 598)
1223 3825 1261 3865 rae
1274 3808 1402 3880 gravibus
1418 3810 1480 3866 aliis
1493 3808 1727 3878 mnsisdepriri·

87 3877 166 3934 lium
181 3880 211 3934 in
235 3877 335 3935 Urbem
358 3881 444 3947 misit,
469 3891 500 3936 ut
521 3880 680 3951 praedictum
704 3878 878 3950 privilegium
926 3876 1189 3949 legioistorenoran
1207 3877 1727 3948 oduerneosapntannqntteapto,

88 3949 220 4006 obtineret
233 3951 269 4006 ab
282 3949 429 4020 apostoliea
447 3952 521 4007 sede.
927 3955 1023 4004 sancta
1044 3948 1167 4004 Roaiam
1188 3949 1309 4006 seuera
1328 3948 1372 4004 eni
1395 3950 1452 4008 nno
1473 3956 1584 4004 auctore
1597 3947 1731 4018 praeside·⁴

117 4018 241 4075 mlix.
260 4019 392 4090 Equidem
415 4020 527 4077 deiirdre
552 4035 607 4075 nou
630 4018 727 4084 ausim,
743 4034 810 4074 nunt
825 4015 879 4073 Lo-
927 4018 1151 4145 munoplorimas
1172 4021 1275 4088 patitur
1288 4017 1432 4075 violentias
1451 4017 1580 4090 pontifico
1596 4019 1725 4080 obeunte

88 4089 185 4146 tbarins
202 4089 241 4146 ob
251 4090 415 4157 simultates,
427 4108 488 4163 qum
499 4089 550 4146 sibi
570 4105 632 4145 cum
651 4089 783 4161 Gregorio
794 4089 879 4144 inter·
927 4104 988 4172 qrrae
1048 4088 1275 4155 bociniernntnr,
1292 4088 1357 4159 quia
1370 4089 1474 4159 absqbe
1493 4087 1728 4158 imperatorisno-

86 4168 233 4226 merant,
246 4161 310 4231 quia
332 4161 459 4217 landerici
511 4159 613 4216 trissui
629 4160 776 4215 amicitiam
800 4158 879 4214 dese·
927 4160 987 4215 titia
1010 4168 1039 4215 et
1063 4175 1174 4216 suorum
1201 4160 1351 4231 legatorum
1373 4159 1519 4230 prasentia
1537 4157 1674 4228 pontilicis
1695 4159 1733 4213 tit

86 4245 158 4296 rere,
170 4247 204 4287 ac
219 4231 270 4286 sibi
286 4232 427 4288 edisserere
444 4248 480 4288 no
493 4238 584 4298 uerat;
599 4245 633 4285 an
653 4245 754 4286 areana
767 4229 821 4285 alia
842 4230 877 4284 de
927 4232 1107 4296 consecratio,
1130 4245 1182 4287 neo
1198 4231 1330 4287 canonico
1344 4230 1408 4296 ritu,
1427 4237 1456 4288 et
1472 4228 1668 4287 consuetudine
1690 4229 1727 4286 ab

86 4315 174 4364 musa,
188 4302 316 4372 exemplo
333 4301 457 4373 Gregorii
478 4299 600 4371 ejusdem
623 4299 758 4371 imperiali
782 4305 878 4355 aucto·
927 4300 1093 4370 imperatore
1105 4298 1199 4358 directi
1219 4300 1353 4356 intersunt
1374 4300 1474 4367 nuntii,
1500 4300 1547 4368 qui
1568 4298 1727 4355 uiolentiam

86 4371 162 4426 ritate
182 4372 374 4442 pontiiicatum
397 4373 538 4429 subeuntis
558 4370 650 4436 allato,
675 4371 710 4427 ab
728 4368 877 4440 apostoliea
926 4379 956 4428 et
978 4368 1104 4426 wandala
1131 4369 1159 4426 in
1176 4370 1236 4441 mars
1260 4371 1465 4427 consecratione
1489 4385 1543 4426 uon
1567 4367 1730 4440 pemittant

86 4442 144 4497 mile
154 4443 182 4497 id
194 4442 367 4513 privilegium
382 4441 529 4512 quaesierit.
550 4440 608 4498 lloc
619 4449 724 4498 certum
737 4441 804 4505 scio,
826 4455 878 4496 nec
927 4440 988 4497 lieri
1000 4459 1008 4495 ε
1021 4439 1146 4497 commus
1167 4441 1205 4509 id,
1223 4448 1254 4496 ut
1264 4439 1393 4510 deinceps
1408 4439 1559 4506 abdicetur,
1584 4447 1613 4496 et
1624 4439 1731 4508 orastis

87 4509 254 4577 lunanum,
272 4511 413 4583 liliumque
436 4512 496 4583 ejus
517 4511 683 4568 Ludovicnm
703 4526 738 4567 cx
754 4508 878 4566 Carolin·
928 4511 1046 4568 tiendus
1067 4510 1199 4583 pontiicx,
1222 4510 1445 4568 convenientibus
1462 4509 1597 4583 episcopis
1618 4517 1648 4568 et
1665 4509 1731 4568 uni·ss

102 4581 388 4653 '‘caugustis,neque
405 4599 440 4638 ex
464 4581 607 4639 Germanis
630 4580 749 4651 aliquem
775 4578 1008 4666 Gothospverso
1019 4580 1093 4637 clero
1108 4579 1235 4653 eligatur,
1250 4590 1394 4652 expetente
1408 4580 1665 4652 senatuetpopnlo,
1699 4579 1728 4638 ui

107 4652 273 4708 rieatalesre
294 4654 474 4724 imperatores
482 4652 621 4708 imitatum
638 4666 699 4708 esse
719 4651 772 4707 bac
795 4651 874 4722 117
928 4651 1095 4718 ordinandus
1115 4659 1167 4718 est,
1193 4660 1222 4708 et
1244 4651 1285 4710 sic
1306 4653 1335 4707 in
1354 4658 1501 4721 conspeetu
1518 4650 1640 4710 omnium
1697 4667 1728 4704 e-

87 4720 111 4775 in
123 4738 161 4777 re.
177 4722 239 4778 Non
252 4724 324 4777 esaim
336 4724 420 4779 relati
439 4738 546 4783 anneto
556 4721 738 4792 imperatoriae
750 4721 876 4792 dignitati
927 4722 1047 4779 berrime
1063 4720 1166 4778 electus
1180 4721 1216 4778 ab
1226 4721 1362 4788 omnibus,
1375 4721 1555 4792 presentibus
1569 4719 1665 4791 legatis
1677 4721 1730 4779 ints

85 4792 158 4860 prisii
198 4796 236 4859 io,
249 4794 299 4848 sed
318 4794 492 4850 concessione
516 4792 679 4863 apostolica,
692 4791 780 4863 qroad
801 4792 878 4848 nire-
926 4791 1076 4862 perialibus
1087 4800 1272 4849 consecretur.
1289 4791 1438 4862 Nullusque
1451 4792 1512 4849 sine
1521 4792 1644 4862 periculo
1650 4790 1727 4860 inra-

85 4871 153 4927 mnt,
198 4878 362 4918 omanorum
384 4864 541 4932 pontificum
561 4863 707 4919 electiones
732 4869 807 4917 ratas
826 4863 875 4917 ba·
928 4870 1059 4926 mentum,
1086 4861 1129 4918 ael
1169 4862 1344 4919 mmissicnes
1360 4862 1475 4934 aliquas,
1501 4876 1571 4917 nona
1596 4861 1730 4920 adicies-r

83 4931 218 4999 luerunt,
234 4934 307 5004 qnod
330 4935 487 5004 pontilicum
502 4934 659 4989 corumdem
739 4932 803 4988 tatis
822 4932 878 4988 ele·
929 4934 1003 4988 tione
1020 4932 1055 4986 ab
1064 4947 1098 4988 eo
1107 4877 1206 4988 auferat
1216 4941 1389 5003 extorquere,
1401 4933 1454 4990 arisi
1464 4947 1526 5003 quae
1537 4932 1649 5012 antiqua
1667 4930 1727 4986 eai-

83 5003 219 5061 uionibns
234 5004 343 5075 planum
356 5003 514 5060 llet.Garoli
536 5003 624 5128 llapni
638 5011 667 5058 et
707 5003 813 5058 udovici
857 5003 874 5057 ii
928 5005 969 5074 git
983 5001 1159 5065 consuetudo,
1173 5017 1208 5057 ne
1222 5003 1342 5060 Ecclesia
1358 5002 1569 5068 scandalizetur,
1579 5002 1622 5059 acl
1637 5015 1724 5071 ampo
1838 5048 1841 5054 .

16 5136 17 5139 Ἴ
84 5075 252 5144 temporibus
265 5072 322 5129 Leo
343 5073 394 5141 lll,
409 5074 562 5146 Stephanus
589 5074 622 5140 v,
637 5072 807 5138 Pascbalisl,
846 5089 877 5127 u·
929 5072 1245 5129 ratorisbonorilreentia
1258 5073 1430 5130 minuatur-r

83 5146 174 5210 genios
188 5143 230 5209 il,
244 5143 424 5212 Valentinus,
448 5153 477 5201 et
488 5143 633 5218 Gregorius
646 5142 680 5200 lv
694 5151 759 5199 sunt
775 5143 873 5209 electi;
964 5142 1132 5209 libitinam
1155 5143 1287 5200 inutiliter
1304 5142 1376 5200 iacta
1394 5142 1477 5200 inerit
1492 5141 1628 5214 privilegii
1644 5137 1727 5209 baius

84 5229 128 5269 nec
146 5215 203 5270 nisi
222 5212 303 5285 bojas
320 5214 450 5285 postremi
461 5215 613 5272 necessana
626 5213 755 5285 predicta
770 5212 878 5270 electio
930 5213 1103 5279 instaumtio,
1127 5228 1187 5269 oom
1223 5213 1442 5286 rietqaieunqne
1461 5212 1607 5270 buteriam
1628 5224 1725 5279 corum

16 5324 17 5327 ,
83 5285 121 5338 nis
141 5284 320 5341 conflrmatio
347 5286 490 5356 reperitur,
506 5300 587 5355 qnam
610 5283 732 5349 liutuito,
748 5298 878 5354 memque
931 5292 1083 5352 tornpnrum
1105 5291 1240 5340 consuat.
1266 5284 1344 5341 Anno
1368 5282 1500 5352 siqnidem
1530 5283 1584 5340 899
1608 5287 1728 5344 amunte

16 5394 17 5399 η
82 5370 110 5408 er
126 5356 298 5411 necessitate
314 5354 393 5412 electi
417 5357 556 5412 renuentis
568 5355 681 5426 petitam
704 5354 876 5409 esseaclero
929 5353 1087 5423 drnulpbus
1107 5352 1177 5424 lug.
1200 5354 1418 5424 Gamlingiorum
1442 5362 1583 5412 extremus
1608 5357 1728 5417 mortem

82 5424 879 5622 ffilct'tbllltffltttattabacis
929 5422 1729 5576 til-ttitttblitattdintractabili

165 5568 211 5622 rio
234 5565 387 5622 nuliatenus
412 5567 546 5624 corisuitu.
569 5567 649 5622 alliud
667 5579 773 5636 qrmquc
800 5580 878 5635 argu-
928 5563 988 5624 llal.
1006 5563 1269 5645 becqsepidtnsquc
1285 5564 1526 5622 estbonorrdeetn
1544 5561 1728 5633 commum

82 5648 202 5691 motum
223 5637 340 5708 suppetit
352 5652 387 5693 ex
410 5637 542 5708 Gregorio
563 5639 658 5694 eodem
672 5651 681 5690 ι
695 5651 750 5693 non
764 5633 836 5690 enim
848 5642 879 5690 ut
928 5645 957 5691 et
976 5642 1053 5704 pater
1068 5650 1128 5704 enus
1147 5633 1334 5705 (Caroloman.
1348 5635 1385 5689 ir.
1398 5632 1488 5690 Garuli
1512 5632 1621 5706 Crassi)
1635 5642 1727 5690 tumu-

16 5736 17 5777 i
81 5717 191 5762 mamus
204 5706 352 5779 Gregorius
366 5707 479 5780 ilagnus
488 5708 679 5778 predecessor,
695 5707 752 5762 sine
765 5715 795 5760 nt
815 5720 878 5760 sarr·
929 5704 1091 5773 latusjacct,
1110 5723 1120 5757 ι
1133 5714 1163 5759 ut
1175 5705 1285 5761 tradunt
1297 5704 1409 5761 annales
1421 5703 1566 5766 tielenses.
1577 5703 1729 5762 Fnldenses

16 5782 17 5789 ’
81 5778 301 5847 ousGregorius
312 5777 357 5835 til
368 5794 483 5850 quorum
502 5789 622 5849 tempore
642 5775 812 5832 coadunatio
826 5775 877 5830 im·
929 5791 972 5844 ap.
989 5775 1100 5831 Froben.
1119 5777 1219 5832 liabent
1230 5774 1292 5839 999,
1307 5790 1390 5847 parvo
1405 5776 1486 5831 unius
1500 5776 1613 5834 circiter
1627 5773 1728 5834 mensis

16 5969 20 6164 l

16 5878 17 5891 ι
81 5849 221 5916 tentoria
245 5848 367 5921 t‘igclrat,
390 5850 526 5933 supplices
541 5850 576 5906 ad
597 5849 746 5924 dragustum
772 5846 878 5916 litteras
928 5847 1095 5915 disumnrine.
1109 5846 1211 5915 Eodem
1222 5862 1294 5904 mano
1308 5846 1459 5916 declinatus
1471 5844 1590 5917 loannes
1600 5847 1726 5917 modurn,
