4050 6192
135 338 182 400 ati
269 335 346 399 COD.
369 335 506 399 btrbutt.
525 371 561 382 -
580 335 727 405 MONUH„
746 337 837 403 stu..
856 335 923 394 seu
943 334 1058 392 CODEX
1078 333 1285 392 curemus.
1306 366 1340 379 -
1359 335 1434 391 El‘P.
1455 336 1578 396 tunnis
1596 339 1640 396 tu.
1719 340 1773 398 bib

133 456 166 511 ad
180 454 322 531 epodon
338 452 509 522 aperuimus.
525 464 614 519 neque
625 447 699 520 quod
716 449 743 504 in
757 465 790 506 ea
803 447 959 505 continet
974 444 1018 500 uis
1031 444 1045 485 i
1060 446 1199 503 uobiscum
1217 461 1270 503 nou
1290 449 1463 519 mandemus,
1483 451 1547 522 quia
1566 468 1622 510 non
1641 464 1705 512 sunt
1721 459 1774 513 sub

134 555 177 601 tar
191 559 367 615 cognorimus
380 553 405 607 ⁸,
425 542 478 598 nisi
494 542 567 610 quod
583 557 634 612 per
652 543 729 599 illum
747 543 860 598 missum
877 555 927 597 no·
976 535 1079 591 ditione
1090 538 1165 609 regui
1177 538 1263 596 nostri
1276 539 1444 610 :wasalia
1455 551 1587 611 quantum
1596 543 1775 603 rabanuseos

133 643 217 693 strum
229 635 309 691 nobis
322 634 350 689 iu
362 633 455 690 rerbis
467 633 576 689 direxit.
591 632 619 688 ld
632 633 719 689 eudo
731 632 784 687 illis
799 631 927 687 Sarrace-
976 643 1116 697 superare,
1136 630 1207 686 sicut
1224 647 1273 686 uns
1291 631 1328 687 ita
1346 641 1374 688 et
1392 649 1442 689 uos
1461 644 1555 690 eontra
1574 637 1635 693 illos
1651 638 1681 693 in
1698 654 1775 696 mare

133 740 227 784 uorum
246 723 337 779 missis
355 739 417 778 cum
436 723 535 793 quibus
554 732 663 793 pactum
682 721 851 778 condmrarit
868 722 927 791 ipse
977 716 1107 776 dimicare
1125 722 1331 791 permittimus:
1346 731 1375 779 et
1393 723 1416 780 si
1435 726 1485 780 soli
1505 728 1556 783 uns
1572 744 1625 783 uon
1643 730 1775 792 valemus,

132 818 261 888 patricius
275 816 303 870 in
313 830 399 870 annos
410 815 514 870 decem
529 814 642 871 Dicebat
653 813 726 868 enim
738 813 772 867 ad
783 811 927 881 praedictos
977 823 1028 864 nos
1049 825 1064 864 a
1085 821 1162 881 parte
1183 824 1274 869 nostra
1297 822 1325 871 et
1345 831 1394 871 ros
1413 832 1429 871 a
1449 826 1539 873 namra
1558 820 1776 878 christianornm

134 908 228 962 missos
238 905 435 961 Saracenorum
448 921 455 957 ε
468 903 554 971 Quale
566 904 705 958 nobiscum
718 912 826 971 pactum
838 902 928 954 lacere
977 900 1076 956 finibus
1096 918 1143 957 eus
1159 902 1328 972 aidicicmns.
1343 905 1408 962 Post
1422 908 1481 964 baec
1492 924 1557 964 uero
1571 913 1697 968 conuenit
1712 914 1775 978 illis,

132 998 220 1063 vuilda,
240 1012 304 1051 cum
320 1010 386 1050 ecee
401 993 459 1063 jam
476 993 540 1047 anui
558 1001 620 1048 sunt
636 992 791 1062 nonnaginta
808 991 928 1060 quinque
977 1000 1005 1043 et
1018 990 1214 1047 mndrmnrere
1226 994 1253 1048 in
1267 995 1369 1066 scripto
1386 997 1458 1053 inter
1474 1013 1504 1055 se
1521 1010 1629 1070 pactum
1648 1005 1675 1058 iu
1689 1018 1777 1062 unitos

131 1088 200 1156 quod
214 1096 326 1158 pactum
341 1086 482 1141 nobiseum
500 1083 603 1140 lecistis
619 1093 647 1139 et
664 1084 771 1139 lirnium
788 1099 842 1138 nou
860 1082 929 1140 tuat
978 1077 1072 1134 decern
1096 1097 1103 1134 a
1125 1090 1154 1136 et
1175 1082 1250 1138 dedit
1272 1085 1312 1140 eis
1336 1086 1447 1142 missum
1468 1090 1576 1144 nomine
1598 1090 1775 1164 Tbeopistum

131 1179 184 1234 lum
198 1187 227 1234 et
239 1177 438 1233 Constantinus
452 1174 594 1245 patricius,
609 1174 656 1244 qui
671 1181 734 1229 aute
749 1188 792 1228 me
804 1171 927 1243 prefuit,
979 1171 1130 1238 nentium,
1148 1181 1177 1227 et
1192 1175 1309 1231 reddidit
1330 1176 1382 1233 illia
1402 1187 1519 1249 quantos
1540 1181 1636 1239 babuit
1654 1198 1779 1256 compre.

131 1271 266 1331 indecem
282 1283 370 1324 annos
380 1266 519 1323 vobiscum
531 1272 641 1335 pactum
653 1263 781 1330 firmarit,
795 1279 880 1334 nsque
895 1265 929 1320 ad
980 1262 1079 1318 lreusos
1092 1262 1126 1319 de
1141 1265 1208 1333 ipsis
1223 1265 1375 1335 Saracenis,
1389 1279 1420 1324 ut
1435 1270 1495 1344 illos
1508 1271 1687 1338 Christianos,
1706 1291 1777 1347 quor

132 1361 249 1418 intumm
273 1370 398 1416 octauam
422 1357 596 1413 indictionem
614 1356 639 1422 b,
662 1354 710 1411 sed
730 1370 819 1426 neque
842 1356 929 1426 ipsum
980 1350 1013 1405 de
1034 1350 1092 1406 suis
1115 1353 1239 1421 partibus
1260 1355 1463 1423 praedaverant,
1487 1359 1668 1417 reddidissent
1692 1374 1715 1418 ⁸.
1744 1364 1780 1420 Et

130 1461 238 1524 pactum
257 1452 366 1506 tirmnm
385 1448 520 1504 tenuistis.
541 1446 617 1502 Nunc
634 1455 725 1501 numm
745 1445 825 1515 quale
841 1446 931 1501 ruins·
979 1446 1122 1509 t⁰stqnan
1138 1436 1196 1507 jam
1210 1440 1312 1496 dictum
1329 1453 1443 1512 pactum
1454 1446 1525 1501 inter
1539 1462 1570 1502 se
1585 1447 1778 1520 tirmarerunt,

130 1559 191 1598 orm
215 1550 325 1612 pactum
350 1539 498 1602 iaciamus,
522 1538 600 1593 nobis
624 1537 789 1608 incognitum
812 1545 864 1592 est.
890 1537 931 1592 dd
980 1537 1008 1585 et
1023 1530 1123 1586 numus
1140 1531 1175 1586 ab
1192 1532 1251 1601 ipso
1268 1534 1384 1603 poznan
1399 1536 1540 1594 absolutus
1556 1548 1612 1606 cst,
1631 1542 1734 1600 inuenit
1750 1544 1778 1602 in

26 1649 27 1716 {
130 1630 188 1686 boc
206 1627 409 1699 respondebant
427 1626 478 1696 ipsi
496 1625 694 1682 Saracenorum
718 1625 812 1692 missi,
839 1627 931 1681 diccu-
980 1633 1076 1679 catena
1097 1640 1180 1680 nuum
1201 1626 1338 1682 bominem
1359 1630 1411 1684 sub
1429 1629 1514 1687 nimia
1527 1632 1671 1692 uelocitate
1684 1637 1719 1692 ad
1732 1653 1781 1708 pa-

130 1730 191 1778 ,w
208 1721 291 1777 pm,
305 1721 383 1776 Μ
396 1718 603 1773 qmqmqmumqn
616 1729 641 1784 e,
654 1718 700 1789 quq
713 1733 786 1774 „unq
799 1717 868 1788 apud
881 1734 931 1773 nos
980 1713 1090 1769 tricinm
1114 1715 1241 1772 nuntiare
1264 1714 1417 1784 festinans,
1443 1721 1517 1790 quod
1541 1730 1645 1793 septem
1672 1726 1781 1799 naripia

26 1867 27 1894 1
130 1829 245 1887 regum
267 1811 384 1876 videtur,
404 1799 547 1865 Mundus
565 1817 624 1872 ρει,
644 1816 672 1863 01
690 1807 741 1864 15oe
758 1808 870 1864 renerus
887 1816 929 1863 aa
948 1784 1137 1859 Bllaumrum
1157 1805 1347 1876 praedaremnt
1365 1824 1449 1864 unum
1470 1811 1560 1867 vicum
1583 1812 1610 1868 in
1633 1814 1730 1888 Regio,
1753 1826 1782 1873 et

26 1897 27 1968 i
129 1904 270 1975 parvulus,
289 1911 318 1958 et
333 1901 380 1972 qui
394 1899 447 1955 luit
462 1915 559 1956 serras
576 1897 663 1954 laetus
680 1906 723 1954 est
738 1898 817 1965 liber,
836 1899 929 1968 etqui
980 1895 1042 1950 duae
1057 1910 1139 1952 nares
1156 1897 1243 1953 exeis
1257 1907 1317 1969 pout
1332 1902 1428 1956 eosad
1443 1900 1660 1960 littuseriemnt
1676 1919 1789 1965 ramae:

130 1996 200 2051 litter
216 1993 269 2050 init
284 1991 398 2049 edoctus
412 1999 455 2046 est
469 1989 609 2055 dominnm
629 1995 657 2042 et
673 1987 776 2043 nullum
791 2003 822 2044 se
838 2003 930 2059 regem
981 1982 1049 2037 Nam
1064 1991 1092 2038 et
1106 1984 1158 2040 boc
1173 1985 1308 2040 nuntiarit
1322 1988 1401 2043 uobis
1417 1988 1474 2061 ipse
1484 1991 1584 2048 missus
1594 2001 1697 2062 noster,
1709 2000 1782 2067 quod

130 2087 232 2142 nabere
250 2084 400 2154 putabant3
424 2080 472 2136 sed
495 2094 558 2134 ecce
581 2093 654 2134 nunc
675 2086 818 2149 postquam
839 2079 930 2134 omnia
980 2075 1102 2130 audisset
1112 2076 1146 2131 ab
1155 2076 1311 2134 bominibus
1322 2077 1521 2136 &moerorum
1531 2084 1631 2150 missis,
1644 2088 1717 2157 quod
1728 2090 1782 2147 istn

26 2177 27 2190 ¹
130 2196 189 2251 qne
209 2193 288 2249 pater
304 2194 370 2234 suus
384 2174 479 2232 babuit
492 2174 544 2230 sibi
559 2171 687 2241 subiecit,
705 2173 762 2228 ruit
779 2173 856 2227 srrnra
875 2180 930 2227 sta·
979 2161 1061 2223 lunio
1082 2177 1174 2221 meuse
1191 2174 1336 2225 mansuetae
1354 2177 1440 2226 sertae
1459 2170 1616 2231 indictionis
1634 2177 1783 2238 voluisseut

26 2301 27 2310 ,
131 2268 238 2325 pinum
252 2267 304 2322 hnc
316 2266 389 2336 quod
404 2279 532 2336 pommus
549 2272 658 2332 metum
670 2277 800 2317 serrare:
815 2264 847 2318 de
863 2263 930 2332 Spa·
981 2270 1043 2311 carm
1054 2254 1116 2312 aliis
1127 2264 1237 2312 centnm
1253 2259 1368 2316 naribus
1381 2261 1415 2318 ad
1432 2260 1585 2319 Sardiniam
1599 2265 1609 2306 ¹
1625 2282 1780 2342 peragrare,

162 2413 176 2442 ι
199 2400 342 2457 &rumam
363 2397 499 2470 pontificis
520 2376 601 2454 fidem
623 2397 651 2452 111
673 2397 755 2454 rebus
776 2395 929 2467 hujusmodi
980 2387 1061 2443 eiam
1074 2387 1230 2444 llaummm
1244 2388 1387 2461 appellatio
1400 2391 1434 2447 iis
1446 2393 1562 2450 accessb
1578 2409 1586 2450 ε
1603 2396 1641 2452 ita
1657 2407 1686 2453 ut
1698 2399 1783 2457 Sara·

26 2471 27 2476 ’
130 2470 273 2526 laudabam
289 2486 371 2541 supra
384 2470 438 2540 (ep.
454 2467 481 2534 6,
496 2468 531 2523 al.
547 2468 575 2530 8,
588 2466 615 2521 in
632 2465 744 2538 not.·);
762 2484 795 2523 en
809 2466 930 2536 ejusdem
981 2474 1063 2542 ceruos
1077 2459 1214 2529 Hispaniae
1230 2477 1244 2515 a
1283 2461 1374 2542 citatio
1390 2462 1556 2548 eiusmodi‘a
1570 2469 1678 2524 catena
1696 2469 1781 2528 Sara-

26 2573 27 2626 3
130 2549 322 2626 argumentum
344 2537 416 2595 alind
439 2537 610 2621 luculentius.
635 2537 706 2619 Quid
721 2537 838 2662 liliam}
851 2536 931 2663 'agga
981 2538 1234 2669 {gitlhffigffi
1263 2543 1385 2602 unusque
1408 2548 1448 2589 Μ
1470 2541 1550 2590 ¹0⁸²ss
1570 2536 1781 2609 ¹⁰⁰⁰l¹¹0ti⁸slma

26 2721 27 2736 .
129 2610 839 2751 ff,tngzlgsdqgiffiffdldfflrcimggfftfnngarnnlum.
854 2677 932 2732 Atta·
1020 2671 1091 2724 ⁰lle
1110 2670 1223 2726 solemni
1247 2671 1298 2727 boe
1321 2680 1438 2730 tractatu
1461 2674 1630 2745 captiuorum
1651 2680 1780 2756 utrinque

130 2769 193 2806 men
214 2750 394 2806 animadverti
410 2748 491 2802 aelim
511 2746 584 2818 quod
604 2749 626 2802 si
647 2746 778 2817 patricius
798 2745 930 2804 Siciliaca
982 2741 1153 2796 restitutione
1174 2738 1290 2806 brunate,
1312 2743 1350 2798 nil
1369 2745 1439 2814 apul
1456 2744 1601 2802 bistoricos
1619 2747 1778 2806 invenitur:

26 2851 27 2876 r
130 2820 223 2876 Leone
241 2822 311 2891 petit
329 2828 361 2875 ut
382 2820 487 2874 litteras
509 2818 590 2889 legat,
612 2830 759 2887 earumque
777 2818 939 2887 exemplum,
982 2825 1068 2879 quare
1079 2810 1225 2881 siuprlaris
1241 2812 1336 2868 notitia
1348 2814 1399 2874 ista
1409 2814 1455 2868 unl
1466 2813 1550 2871 Leoni
1617 2818 1683 2874 tilici
1698 2820 1781 2878 reler-

130 2907 175 2946 ae„
199 2892 273 2960 Μ
292 2891 474 2962 ,uqogmphas
494 2889 529 2944 ab
549 2903 580 2943 ,g
600 2888 720 2957 513„qu
741 2888 768 2942 q„
788 2886 930 2943 franciam
984 2888 1166 2963 incompta.
1185 2879 1266 2938 Certe
1281 2883 1420 2967 usqne-ad
1432 2901 1540 2967 'aurium
1576 2886 1782 2948 ursimannus

131 2962 238 3026 mittat,
257 2962 369 3016 minime
387 2960 422 3015 iis
435 2958 624 3015 continebatur
642 2957 789 3027 quidquam
809 2959 930 3028 pontiflci
982 2950 1083 3007 Afrtcae
1101 2952 1231 3007 molesios
1250 2951 1334 3037 (unse
1355 2954 1461 3038 Siculis·
1472 2971 1525 3038 raon
1546 2956 1626 3040 (irruet
1644 2960 1780 3018 biennia:

130 3031 274 3086 wadum
288 3045 296 3085 :
311 3045 372 3086 cum
387 3028 534 3098 caeteroqui
546 3028 581 3083 de
595 3026 687 3082 Sicilia
702 3035 757 3082 turn
772 3030 901 3098 temporis
915 3046 930 3084 a
983 3028 1042 3077 tum
1054 3036 1119 3077 vero
1134 3021 1275 3091 Euphemn
1287 3024 1370 3080 &cult
1385 3024 1538 3109 proditioue
1553 3024 1674 3084 Srcrlrarn
1689 3031 1716 3086 in
1732 3030 1783 3088 Sa-

26 3099 27 3102 ,
131 3100 276 3156 samma,
291 3099 448 3171 frequenter
462 3106 558 3153 aerata
575 3112 619 3152 res
633 3106 716 3152 esset.
735 3097 770 3151 At
787 3114 852 3153 num
867 3116 966 3193 age-C
982 3107 1144 3234 (namuurum
1156 3101 1319 3162 potestatem
1333 3111 1440 3152 uenisse
1454 3103 1481 3151 ct
1494 3096 1628 3155 bamuius
1640 3108 1668 3155 et
1683 3100 1783 3174 Papius

26 3187 27 3194 ¹
131 3181 208 3226 retur
221 3171 256 3225 de
272 3171 391 3225 ineundo
409 3168 511 3225 imdere
523 3183 585 3224 cum
602 3167 732 3222 Romanis
745 3168 779 3222 ad
798 3169 930 3239 repellen-
995 3163 1783 3238 bananica&usqae„n.t)crae00rnmau010ri.

26 3237 27 3244 ’
129 3239 177 3295 dos
196 3240 359 3305 Saracenos,
376 3255 410 3295 au
428 3241 462 3294 de
479 3237 669 3293 commutanda
688 3237 776 3292 insula
790 3253 851 3293 enm
866 3255 929 3310 prn-
979 3242 1035 3288 tate
1050 3234 1245 3289 demonstmut.
1262 3235 1360 3291 Leonis
1373 3245 1464 3292 autem
1479 3237 1613 3294 Ostiensis
1625 3242 1782 3311 opinionem

26 3521 27 3574 l
132 3516 928 3604 Sil,n.Ll;Paa.iid.,n.l);qnadereopportunius,
980 3514 1052 3569 iuter
1070 3515 1218 3584 scriptores
1235 3515 1299 3571 lter.
1318 3515 1437 3572 ltaiiear.
1456 3517 1551 3590 (Turn.
1570 3518 1594 3584 l,
1612 3530 1683 3591 part.
1700 3538 1736 3585 n,

130 3311 227 3366 vinciis
241 3310 382 3364 dalmatiae
397 3308 534 3364 Liburniae
549 3308 653 3373 aliisve,
669 3308 696 3362 in
709 3309 825 3364 obscuro
838 3311 930 3366 omunia
979 3305 1013 3359 de
1029 3304 1148 3374 adventu
1167 3303 1365 3361 Saracenorum
1383 3308 1410 3362 in
1430 3306 1552 3363 Siciliam
1567 3323 1640 3366 anno
1656 3311 1710 3368 82⁰
1719 3310 1783 3381 juro

130 3392 205 3435 suut.
221 3380 311 3436 Unum
323 3380 509 3435 tantummodo
521 3385 644 3434 eertum:
657 3379 730 3448 quod
741 3376 832 3434 Sicilia
844 3394 929 3448 usqne
979 3374 1113 3430 &tonius
1127 3374 1244 3432 refellit:
1262 3376 1300 3430 nil
1313 3377 1385 3432 euim
1397 3378 1499 3433 cenius
1515 3378 1657 3435 invasione
1671 3382 1721 3436 ista
1738 3382 1783 3438 Si·

131 3452 164 3504 ad
182 3449 351 3505 annumdd'l
369 3450 405 3504 im
443 3449 526 3505 ratuni
542 3448 662 3505 Orientis
680 3448 770 3518 pamit
788 3449 865 3520 (liar.
883 3465 928 3503 an.
979 3444 1039 3500 cula
1055 3461 1101 3499 au.
1116 3444 1180 3510 827,
1192 3455 1255 3515 post
1268 3445 1414 3502 editionem
1427 3448 1549 3505 chronici
1565 3447 1781 3508 Siculo-Arabici

131 3588 793 3732 ⁶1mgni?gretscwig?abtanlsttlalrffi'rncrlrapplatricius
805 3658 930 3731 Gregorii
979 3584 1610 3737 maffissgrfffflfflcfflnoffi
1620 3538 1782 3732 ⁴{isldlssseiscslalietgg

130 3729 315 3798 naamon
336 3729 425 3786 fredus
443 3746 504 3786 eum
520 3730 664 3786 Sameeuis
686 3730 712 3784 in
731 3744 817 3784 anuos
837 3731 929 3785 decern
980 3725 1125 3792 ailredus,
1144 3727 1206 3782 ande
1223 3726 1328 3782 duobus
1344 3728 1460 3798 amplius
1477 3730 1585 3786 secutis
1603 3731 1630 3785 in
1648 3741 1783 3802 potestate

130 3809 312 3868 percusserat.
331 3800 366 3855 Et
380 3809 444 3856 nuta
456 3802 528 3871 quod
545 3800 651 3871 patricii
666 3801 712 3856 din
732 3808 867 3869 praeerant
887 3801 931 3856 Si·
980 3795 1178 3852 Saraeeuomm
1192 3805 1397 3867 permanentem
1412 3807 1459 3852 ant
1471 3813 1487 3852 a
1500 3799 1599 3860 cumin
1612 3800 1716 3873 lingue,
1734 3812 1783 3859 ant

131 3870 256 3935 eliaam
271 3873 378 3942 planius
395 3870 529 3942 intelligas
566 3886 629 3924 uam
648 3871 832 3941 longearero
850 3872 930 3925 abeat
980 3867 1123 3949 abatiae
1141 3867 1345 3949 successoribus
1363 3866 1496 3949 (Jamlinac
1516 3871 1610 3941 stirpis
1629 3886 1783 3940 possessura

132 3938 306 4006 lineatorius,
327 3941 371 3996 ubi
389 3945 532 4011 patricium
545 3887 640 3996 ducem
660 3939 765 4006 classis,
781 3956 831 4011 pro
846 3942 931 4011 patri·
980 3937 1064 3992 fuisse
1077 3937 1190 3992 diceret.
1206 3936 1244 3992 Ea
1259 3938 1434 3994 nibilominus
1448 3938 1476 3993 in
1487 3939 1634 4007 diuturnale
1649 3940 1781 3998 Ludoriei

130 4011 174 4064 cio
190 4010 323 4079 proiecto
343 4011 442 4066 Sicilie
461 4011 575 4082 accipit,
595 4012 667 4081 quod
689 4013 833 4066 monebam
847 4027 929 4081 supra
979 4006 1021 4063 Pii
1041 4017 1198 4062 recensent
1211 4021 1219 4061 z
1233 4021 1318 4077 quare
1337 4015 1428 4063 sumtu
1447 4010 1484 4064 ita
1502 4008 1618 4075 lactum,
1638 4013 1782 4069 ostendam

132 4081 185 4150 (ep.
200 4083 227 4145 8,
243 4080 280 4136 al.
294 4084 322 4145 3,
336 4081 364 4136 in
377 4091 434 4136 not.
448 4084 491 4154 ο).
652 4107 654 4112 v
981 4077 1009 4134 iu
1029 4077 1141 4133 dissert.
1157 4077 1192 4133 de
1210 4077 1306 4133 eodem
1326 4077 1481 4150 diplomate,
1502 4094 1563 4148 qua·
1582 4080 1632 4137 luas
1651 4083 1782 4153 epistolas

167 4161 180 4188 s
199 4150 401 4207 Animadvertit
419 4151 517 4223 Papius
531 4148 595 4274 gan.
609 4151 670 4207 813.
686 4166 714 4205 n.
727 4149 781 4223 il)
798 4151 868 4204 emir
882 4166 929 4207 seu
980 4157 1173 4218 consequetur.

26 4237 27 4256 2
131 4222 207 4285 aruir,
224 4222 385 4290 proiectum
402 4238 450 4278 seu
470 4238 534 4288 regu
546 4237 592 4275 um
610 4220 773 4289 significare,
793 4229 821 4275 at
838 4222 931 4277 addito
1019 4219 1029 4258 ¹
1050 4218 1175 4300 Narratio
1195 4219 1253 4302 baec
1266 4219 1299 4275 'de
1318 4218 1463 4275 Saracenis
1480 4218 1581 4304 diriore
1600 4228 1666 4304 anm
1685 4232 1782 4293 pactas

26 4339 27 4356 ,
131 4288 301 4346 Alarmmrnu
321 4293 450 4348 denotare
468 4292 618 4361 principem
641 4291 774 4355 ddeliurn,
797 4306 845 4345 seu
865 4291 930 4346 eali-
980 4288 1141 4345 decennales
1162 4290 1284 4347 indueras
1304 4304 1401 4359 pamm
1423 4290 1560 4347 credibilis
1580 4293 1698 4348 videtur.
1723 4295 1781 4351 Leo

130 4359 223 4428 phara,
240 4360 319 4429 cuim
333 4363 407 4432 regia
421 4363 500 4418 sedes
514 4360 640 4430 Bagdadi.
652 4360 787 4416 litmacini
801 4360 866 4416 item
879 4378 930 4418 au·
980 4361 1038 4430 lpse
1048 4360 1172 4431 pluribus
1183 4369 1263 4416 utens
1273 4360 1387 4416 testibus
1398 4375 1455 4415 rem
1466 4360 1544 4416 valde
1556 4361 1665 4418 dubiam
1678 4365 1779 4435 scripto

131 4430 260 4485 ctoritme
272 4441 349 4487 notat
362 4434 395 4487 de
407 4432 503 4486 Arosis
515 4440 602 4486 nrorte
616 4431 732 4515 Leonem
747 4430 829 4502 loqui,
848 4448 929 4515 quarn
981 4447 1010 4487 se
1025 4431 1154 4515 nanclars
1168 4430 1297 4486 ostendit.
1310 4429 1396 4486 Secus
1408 4437 1451 4486 est
1464 4431 1497 4487 de
1510 4430 1610 4515 llauris
1623 4432 1779 4518 Sardiniam

130 4501 931 4649 aenimate.‚¹t’ataalndiaittaita
946 4497 1780 4653 ⁰{alimania.l'.t.b..tt.⁰tl,iltttitt¹¹ta

132 4641 316 4722 mengnano,
327 4657 407 4710 quem
421 4643 492 4724 intur
503 4642 623 4712 caliphas
635 4641 793 4697 vicesimum
804 4652 930 4698 netarum
980 4656 1043 4696 cum
1063 4641 1229 4711 liguriendo,
1250 4639 1379 4697 Ceruium
1397 4656 1510 4726 ejusque
1530 4643 1615 4699 lilium
1636 4643 1780 4715 Pippiuurn

132 4719 288 4764 noueram.
308 4711 489 4767 Abnumemm
504 4720 532 4766 ct
554 4711 740 4768 Almamonem
755 4727 930 4767 unumeum-
981 4726 1073 4782 regem
1096 4711 1183 4768 classe
1204 4718 1305 4767 tutatos
1326 4725 1387 4767 esse
1407 4727 1456 4769 cas
1480 4714 1582 4768 insulas
1603 4716 1727 4780 tradunt,
1750 4727 1782 4773 ut

26 4787 27 4800 ¹
131 4778 249 4849 &mque
261 4796 322 4836 esse
336 4780 407 4837 iacili
423 4783 531 4853 negotio
545 4797 676 4852 assequor
688 4799 695 4837 :
707 4789 736 4836 at
748 4797 845 4838 nornen
859 4783 929 4838 idern
980 4783 1082 4838 dietum
1094 4781 1198 4866 estlep.
1214 4779 1241 4848 l,
1254 4783 1290 4837 ul.
1303 4781 1330 4846 d,
1343 4783 1371 4838 in
1384 4792 1441 4839 not.
1457 4783 1493 4855 ¹).
1504 4782 1627 4856 Cumque
1637 4793 1733 4840 neutra
1748 4787 1782 4842 il-

26 4855 27 4876 *
129 4861 182 4916 pro
199 4851 331 4921 principe,
346 4867 393 4906 sen
411 4852 529 4922 calipha,
544 4867 605 4907 esse
619 4852 805 4922 accipiendum
820 4869 874 4908 non
889 4854 931 4908 in-
981 4854 1069 4908 larum
1082 4860 1230 4923 pertineret
1241 4853 1276 4908 ad
1287 4853 1371 4909 tutin
1383 4868 1506 4924 regnum,
1520 4861 1549 4910 at
1561 4854 1671 4910 Corsica
1687 4870 1703 4909 e
1716 4871 1781 4911 cou-

26 4961 27 4972 .
131 4918 245 4990 lulligo.-
260 4921 301 4976 Λᾶ
327 4936 383 4976 ren
405 4932 527 4977 nostram
588 4923 623 4977 od
643 4923 748 4984 attinet,
774 4938 930 4994 quanquam
981 4926 1066 4979 trario
1085 4924 1183 4979 donata
1202 4930 1392 4978 essetsancte
1408 4923 1483 4988 sedi,
1500 4932 1529 4979 ut
1549 4923 1647 4978 ibidem
1667 4926 1782 4982 demori-

26 5021 27 5038 .
129 4989 257 5044 nonnihil
275 4990 336 5046 lalsi
356 4993 408 5048 bac
427 4991 455 5046 in
475 4994 588 5062 epistoa
602 4992 782 5058 contineatur,
801 5005 875 5051 ruens
890 5002 932 5048 ta·
980 5002 1096 5051 stratum
1114 4991 1181 5058 luit,
1197 4991 1322 5049 Sardinia
1339 4992 1434 5049 eadem
1448 4994 1556 5050 fortuna
1576 4993 1615 5048 nti
1630 4993 1779 5051 rideretur.

129 5071 196 5113 rnen
208 5059 323 5131 calipius
330 5060 407 5132 justa
421 5062 549 5118 adnrrtata
561 5062 682 5133 ejusdem
695 5061 770 5133 Pagii
786 5074 861 5120 certa
877 5073 928 5119 cst.
979 5065 1015 5119 lit
1033 5064 1138 5119 nullum
1157 5062 1278 5134 suppetit
1296 5063 1486 5119 documentum
1507 5080 1562 5135 qun
1581 5077 1626 5119 res
1643 5062 1778 5121 linnetnr.

26 5165 27 5172 .
127 5126 266 5185 Calvisim
280 5132 362 5186 etiam
377 5146 409 5187 ex
427 5132 481 5188 alio
499 5141 611 5188 auctore
627 5133 769 5204 consignat
789 5135 841 5191 boc
858 5149 931 5191 anuo
982 5133 1250 5191 mobncduutarat
1261 5133 1361 5189 indicia
1372 5133 1430 5189 lere
1440 5142 1514 5190 certa
1526 5135 1619 5190 insunt
1628 5133 1681 5190 bac
1692 5135 1777 5189 inre:

127 5198 201 5253 buin
222 5201 324 5257 amirae
348 5211 477 5266 murmur,
500 5217 533 5258 ac
553 5202 696 5259 llaimonis
717 5207 928 5261 successionem.
981 5203 1096 5261 insulam
1118 5201 1223 5258 seilicet
1244 5218 1295 5259 nec
1310 5203 1483 5270 Graecomm,
1504 5218 1592 5275 neque
1609 5203 1777 5261 Francorum

127 5269 200 5336 Qoe
211 5286 295 5339 parra
310 5272 449 5327 nominum
464 5273 644 5342 discrepantia
659 5289 718 5329 rem
730 5290 785 5330 non
797 5284 893 5331 niutat.
951 5329 960 5348 ,
976 5275 1046 5346 juris
1059 5289 1129 5330 esse.
1150 5271 1179 5328 Si
1199 5273 1271 5328 cuim
1286 5273 1381 5330 Graeca
1397 5273 1543 5331 dominatio
1561 5274 1626 5330 illuc
1643 5282 1700 5329 tum
1717 5289 1781 5345 per-

163 5339 179 5378 ⁴
201 5340 329 5396 Sameeni
351 5358 402 5396 una
424 5344 572 5413 cariemque
586 5359 654 5415 gens
673 5353 773 5400 erant:
789 5346 836 5401 sed
855 5354 931 5418 pust·
980 5344 1113 5409 acuisset,
1134 5343 1233 5399 Franci
1247 5343 1320 5399 haud
1335 5346 1472 5400 misissent
1488 5346 1552 5400 illuc
1567 5344 1682 5400 classem
1696 5343 1781 5401 Sara-

126 5424 226 5477 quom,
242 5411 333 5467 dirim
348 5411 452 5479 invasa,
468 5412 530 5468 inde
546 5413 701 5484 llispaniam
719 5424 815 5470 oemio
830 5417 930 5472 sacculo
979 5416 1054 5472 cenis
1067 5414 1213 5470 arcendis:
1230 5416 1292 5470 etsi
1308 5415 1395 5487 insula
1408 5416 1503 5471 luisset
1517 5414 1683 5469 Fraueomru
1696 5413 1778 5482 iuris,

127 5479 244 5535 immite
256 5492 438 5552 ocurpamnt,
457 5483 536 5554 eique
554 5484 727 5550 incubantes,
742 5486 853 5554 proprio
874 5487 930 5557 regi
981 5485 1052 5542 baud
1067 5486 1240 5542 tenuiuasset
1253 5484 1366 5541 Curubis
1380 5486 1502 5542 italicum
1519 5498 1630 5555 regnum
1644 5482 1779 5541 Tirrbeno

127 5559 293 5618 paruerunt,
303 5549 439 5622 prefectis
449 5553 508 5624 ejus
519 5555 677 5624 amplissimi
689 5556 764 5625 requi
776 5556 931 5625 pmrincias
981 5555 1074 5612 mari:
1099 5576 1109 5608 r
1125 5571 1180 5610 una
1201 5570 1262 5611 curn
1283 5557 1382 5612 ducatu
1398 5545 1524 5612 Tuscana
1542 5565 1628 5624 uque
1648 5555 1683 5610 ad
1703 5569 1779 5612 unare

127 5620 399 5690 adrnmistrantibus3
422 5625 493 5678 unde
512 5633 605 5706 postea
624 5640 707 5696 regua
727 5626 930 5752 quatuordecim
979 5627 1104 5685 Lustrale
1113 5633 1140 5681 et
1150 5641 1236 5696 usquc
1246 5625 1466 5681 aderinciam.
1481 5624 1562 5699 strip.
1571 5624 1735 5697 Pitlr.,part.
1746 5641 1776 5688 u,

128 5704 287 5747 essersene:
300 5700 520 5764 tumreroqnasr
534 5695 686 5765 perduelles
698 5709 718 5751 a·
750 5697 873 5754 aracerris
885 5713 931 5753 ca-
980 5715 1007 5770 p.
1021 5696 1080 5770 8l.)
1098 5695 1230 5769 Equidem
1245 5711 1355 5752 causam
1368 5696 1449 5751 aliam
1465 5713 1517 5752 non
1530 5695 1609 5751 video
1621 5696 1780 5753 curclassis

26 5785 27 5844 3
126 5753 215 5830 linit:
237 5762 368 5836 Bagdadis
391 5764 520 5836 subjectis
540 5765 635 5823 baberi
656 5774 720 5822 suut
745 5767 838 5839 empti.
859 5768 930 5836 Qum
981 5768 1279 5826 adtuendaminsulam
1289 5766 1467 5825 mitteretura
1480 5767 1701 5838 (iamimperator
1717 5781 1779 5823 ean
