4050 6192
139 325 186 388 sts
218 323 282 382 mit
310 320 395 379 ΝΡῙ.
409 320 603 387 -llONllil.,
616 321 710 389 ETG,
732 321 798 382 SEU
818 323 1158 402 contremuimus.
1179 359 1213 370 -
1231 327 1316 386 mss.
1333 328 1367 384 ΙΝ
1384 327 1458 385 til.
1479 329 1604 389 isonis
1621 333 1664 390 tlt
1714 335 1769 393 ill

137 447 202 573 w
213 441 329 500 amasii
350 437 372 498 ΙΙ
389 440 466 498 ducis
478 440 612 502 senonias
637 447 666 493 et
686 437 803 496 maram
827 438 920 495 iratris
936 440 1129 521 topinionom
1153 443 1310 568 amplector,
1335 440 1598 514 promissionemque
1615 443 1706 512 istam,
1722 462 1769 506 seu

193 516 255 572 erici
266 508 726 581 dueisSrteuiuutriusqueelecti:
743 529 753 562 ι
770 509 919 577 Romanus,
967 509 1160 579 juspuanuun
1214 512 1290 568 :tiolo
1309 511 1405 581 lingue
1425 513 1543 568 ascribo.
1567 511 1653 570 Seeus
1672 524 1715 572 est
1736 520 1771 574 de

35 561 36 568 ἵ
136 589 178 650 ιιι,
196 581 309 654 pontifex
325 581 482 637 Lotbarium
495 580 647 643 coronarit,
669 588 696 634 et
715 581 858 652 imperium
873 581 921 635 ob·
970 578 1059 636 Caroli
1073 583 1293 648 suecessoribus;
1309 583 1361 638 iios
1375 582 1640 639 enimbandnomen
1654 583 1770 657 impera-

137 657 370 724 tiauiteoronstus.
386 672 397 706 ι
409 651 582 724 liegibusque
593 650 659 722 ipsis
669 649 822 706 Gemraniau
834 665 922 720 usque
969 651 1039 707 toris
1050 667 1195 722 usurpasse
1210 661 1273 708 aute
1287 654 1491 708 coronationem
1505 662 1611 708 constat
1623 670 1657 709 ex
1672 658 1770 715 litteris

136 728 360 796 recommissum
372 729 432 778 erat
445 723 618 778 baricuemm
630 735 690 776 esse
704 720 822 777 indolem
839 737 920 776 reuu-
969 720 1093 778 Lotbaril
1117 737 1141 778 ιι
1169 739 1198 778 ιι
1223 724 1311 782 allatis
1336 725 1423 793 (ιιιιιι.
1441 723 1487 794 il)
1508 726 1541 778 td
1556 734 1662 794 patrem
1689 743 1768 783 strum

137 799 182 852 tati
196 796 367 867 pertenuem
378 791 411 848 tlt
422 792 540 863 imperii,
554 798 585 847 ut
598 805 651 846 nou
665 792 754 861 pauci,
768 791 919 863 praesentim
968 739 1223 849 tineos-reunitum
1240 812 1246 847 :
1261 793 1475 859 benedictionem,
1491 793 1627 858 bonorem,
1639 805 1664 849 ct
1676 813 1770 854 nomen

135 866 276 928 eSueries
298 857 402 936 stirpe,
427 871 529 920 soracte
551 862 623 919 setis
645 876 740 918 osores
758 861 919 934 pravitatem
967 864 1071 934 suscepi
1095 861 1240 935 imperialis
1269 864 1361 938 opicii,
1378 863 1540 934 quibuscum
1563 873 1655 921 retem
1678 869 1770 924 ontrario
1808 896 1811 903 ·

135 953 202 994 snam
217 934 427 999 dissimularint,
449 935 538 1004 mroad
556 945 684 990 eoronam
698 942 917 1002 assequerentur,
967 944 1143 989 monumenta
1168 934 1324 997 concinunt,
1351 940 1381 988 ut
1408 949 1458 990 suo
1485 933 1545 992 loco
1570 935 1680 1018 planum
1710 938 1767 994 bet.

133 1003 918 1076 ctllenriousllacbudotieusllsramspseudopontitices
968 1002 1025 1059 liae
1045 1012 1149 1060 tautum
1163 1003 1217 1129 ἧι
1245 1004 1272 1060 in
1292 1018 1323 1059 re
1339 1019 1400 1060 eum
1419 1004 1517 1061 Carolo
1538 1003 1593 1061 itus
1611 1009 1770 1066 conuenisse

133 1079 210 1134 ereari
227 1076 396 1139 curaverint,
420 1081 451 1129 ut
473 1075 579 1131 aiebam
601 1087 684 1142 supra
708 1073 799 1145 (nuru.
825 1071 918 1142 itta
966 1072 1100 1145 intelligo,
1118 1090 1172 1196 pne
1206 1073 1412 1145 professionem,
1429 1085 1477 1131 seu
1491 1075 1678 1144 jttmmeutum
1695 1094 1710 1134 a
1726 1095 1771 1136 sa·

132 1150 220 1220 quibus
230 1145 370 1219 inperite
380 1144 502 1200 eliadema
517 1143 695 1213 susciperent,
705 1145 778 1215 quod
788 1151 830 1199 est
842 1143 918 1200 testi·
967 1153 1108 1201 eminente
1131 1160 1318 1202 ‚ermauomm
1340 1145 1487 1201 admodum
1509 1147 1646 1203 diuersum
1673 1151 1770 1207 endse

131 1220 240 1276 nonium
251 1218 374 1273 omniunt
385 1214 638 1287 locupletissimum.
966 1221 1041 1278 mut,
1066 1214 1085 1268 ii
1108 1214 1218 1281 saltem,
1240 1217 1287 1289 oui
1307 1231 1342 1271 ex
1359 1213 1449 1273 Camli
1472 1218 1602 1290 pmgeuic
1626 1218 1689 1286 orti,
1705 1236 1769 1279 uere

161 1287 247 1344 itit.
271 1287 365 1357 Neque
387 1285 530 1342 coronatio
551 1292 656 1342 tantum
670 1282 821 1342 Gennsuos
830 1281 917 1342 Caro-
964 1285 1065 1353 posteri
1090 1301 1152 1342 cum
1178 1286 1295 1342 Baronio
1318 1286 1455 1369 appellari
1478 1295 1602 1369 possunt.
1633 1287 1767 1349 Postremi

131 1360 263 1432 iugiourm
286 1357 390 1414 simum
415 1355 489 1421 lecit,
514 1371 608 1411 rernm
629 1354 726 1410 electio
749 1354 825 1424 ipsa,
852 1363 917 1410 aute
966 1354 1040 1410 cuim
1064 1369 1143 1428 reges
1169 1356 1249 1412 seriei
1269 1356 1446 1426 carolingicae
1466 1358 1594 1416 ridentur
1616 1367 1643 1415 et
1659 1361 1709 1432 ipsi
1725 1379 1769 1417 sa-

130 1431 295 1487 constitutam
319 1435 422 1484 certam
447 1427 483 1482 eli
537 1426 565 1484 di
593 1423 708 1480 termam
731 1424 845 1482 consitio
866 1425 917 1479 lio-
965 1431 1135 1479 crumentum
1152 1425 1290 1483 fidelitatis
1306 1426 1478 1496 prestitisse,
1493 1429 1602 1484 tametsi
1617 1432 1769 1487 ‹lucunien-

130 1501 194 1556 nani
205 1498 342 1571 pontilicis
357 1494 478 1576 postFri
527 1496 600 1552 ‘cum
621 1494 642 1550 ll
664 1494 764 1550 seculo
787 1495 916 1551 tertiode
967 1502 1057 1549 torum
1076 1494 1123 1551 ino
1141 1496 1168 1550 ia
1186 1510 1236 1566 pro
1252 1507 1328 1553 certo
1340 1494 1468 1553 affirmari
1480 1506 1609 1568 ricqtreat.

128 1572 201 1628 eino.
221 1569 344 1632 ursano,
362 1581 425 1622 enm
441 1564 506 1622 Otto
525 1565 559 1622 [ll
572 1564 634 1621 novi
647 1564 751 1647 aliquid
764 1564 916 1624 deliberare
1001 1562 1093 1619 xuvt.
1118 1512 1279 1634 διιοιιιιιιιηὶ
1295 1567 1389 1638 procul
1407 1567 1489 1624 dubio
1511 1566 1700 1625 aibrruamdum
1714 1580 1768 1635 est.

127 1639 320 1711 presumpserit
355 1651 437 1708 super
463 1637 596 1694 electione
620 1635 703 1692 iutun
731 1635 914 1707 imperatoris,
964 1631 1119 1694 Germaniae
1133 1647 1210 1709 reges
1222 1637 1372 1709 imperialia
1383 1637 1499 1710 insignia
1511 1655 1565 1695 uon
1582 1641 1767 1709 assequeban-

127 1714 278 1767 connivente
300 1708 432 1779 Gregorio
449 1706 483 1774 V,
511 1717 569 1764 tum
593 1706 658 1777 quia
683 1705 765 1777 regie
790 1704 914 1776 ejusdem
965 1710 1010 1759 tur
1030 1704 1082 1762 nisi
1104 1718 1276 1764 sacramento
1304 1707 1443 1764 dtlelitatis
1468 1710 1624 1783 praemisso,
1649 1713 1721 1780 qttod
1740 1714 1766 1766 in

127 1783 156 1836 sti
188 1784 210 1836 is
231 1791 304 1843 erat,
322 1788 379 1835 tum
394 1778 458 1849 quia
480 1775 595 1848 Augusti
614 1791 696 1846 opera
719 1777 754 1833 ad
776 1791 912 1833 summum
965 1771 1078 1842 Ordine,
1092 1793 1140 1834 seu
1154 1777 1341 1838 ceremoniall
1354 1777 1387 1833 ad
1409 1793 1511 1836 anniam
1536 1780 1606 1836 toto
1628 1791 1769 1851 spectante

127 1854 171 1908 [ast
183 1853 255 1922 gium
273 1848 444 1914 ascenderat,
461 1848 624 1904 Benedictus
643 1844 710 1911 titt,
724 1854 793 1904 teste
812 1843 914 1904 Glabro
966 1845 1049 1917 (inim
1060 1847 1126 1904 diss.
1139 1848 1167 1913 b,
1180 1863 1209 1904 n.
1222 1848 1268 1920 tt)
1284 1847 1323 1904 sie
1343 1845 1424 1905 duit:
1444 1869 1454 1902 ι
1482 1849 1511 1905 Ιιι
1527 1851 1637 1907 ttoruiue
1661 1852 1768 1909 boratiui

35 1955 36 1962 ι
128 1925 189 1992 apud
206 1922 306 1977 baron.
323 1919 415 1992 (tots,
432 1917 518 2001 n.5),·
528 1918 697 1976 sanctionem
713 1915 794 1972 istam
817 1916 914 1984 edidit,
965 1917 1054 1972 nostri
1067 1915 1130 1975 lesu
1154 1919 1269 1976 Cbristi.
1284 1919 1341 1989 Ego
1363 1917 1453 1976 retii.
1476 1917 1586 1976 iloumt.
1608 1932 1636 1976 et
1659 1921 1769 1982 iuturus

128 2007 173 2061 pta
192 1992 351 2063 primaevam
371 1988 490 2046 brtlolem
510 1989 617 2060 imperii
634 1987 827 2043 cortbmrarit:
850 2005 860 2038 ι
875 1986 916 2046 lie
966 1985 1115 2056 imperator
1129 1989 1314 2046 Romanorum
1319 1990 1609 2113 promittospoudeo,
1626 1992 1765 2062 pollictor,

127 2064 258 2133 qusquam
280 2059 412 2118 audacter
435 2059 540 2130 imperii
555 2057 672 2115 Rouaani
690 2067 829 2129 sceptrum
845 2072 915 2128 prae-
965 2065 1047 2127 atque
1066 2072 1117 2127 per
1130 2059 1188 2115 bae
1208 2059 1317 2132 Erartgc
1330 2059 1353 2113 ia
1363 2058 1531 2127 jrrrrt'boram
1554 2061 1620 2125 ileo,
1641 2079 1673 2118 ne
1686 2063 1768 2120 beato

35 2171 36 2188 2
127 2147 245 2202 properus
268 2139 380 2201 gestare
403 2129 529 2200 princeps
545 2134 669 2201 appetat,
691 2143 742 2184 seu
766 2129 916 2198 imperator
965 2126 1047 2183 Petro
1057 2130 1189 2199 apostolo,
1205 2131 1313 2186 etbeatl
1328 2128 1401 2184 Petri
1417 2129 1533 2202 apostoli
1545 2133 1646 2188 sicario
1668 2135 1768 2191 donrno

126 2202 181 2266 dici,
193 2212 238 2257 aut
253 2213 319 2257 esse
333 2200 432 2265 ualeat,
445 2200 498 2256 nisi
515 2215 596 2272 quma
607 2215 677 2271 papa
696 2198 771 2255 sedis
785 2197 916 2254 Romarm
965 2196 998 2253 tt.
1015 2211 1091 2268 papae
1103 2199 1272 2267 iidclitutcm,
1284 2201 1393 2270 tuisque
1406 2202 1612 2259 suecessoribus
1635 2205 1767 2261 canonice

35 2287 36 2302 ι
127 2288 221 2327 monim
240 2271 379 2342 probitate
395 2269 525 2342 delegerit
542 2281 636 2341 aptum
652 2269 721 2340 rcip.
741 2269 821 2340 eirpte
841 2283 916 2324 eom·
966 2267 1140 2332 intrantibus,
1154 2285 1281 2340 menneo
1307 2271 1387 2327 modo
1415 2281 1598 2341 protectorem
1623 2289 1656 2330 ac
1675 2273 1768 2330 deicu-

35 2403 36 2406 Ἴ
126 2345 221 2398 nberit
233 2339 342 2413 insigne
356 2340 506 2414 imperiale.
524 2340 736 2411 ›uaequidem
751 2339 916 2396 Cortstitutio
965 2339 1126 2396 soremiore
1143 2339 1224 2410 binius
1239 2349 1341 2397 sanctae
1355 2340 1436 2396 Rom.
1459 2339 1597 2407 scetesm,
1617 2354 1645 2399 et
1667 2354 1767 2406 restem

126 2415 258 2470 absaueto
276 2414 442 2482 imperatore
453 2410 570 2470 ilenrico
589 2412 715 2468 roborata
729 2420 771 2468 est
784 2409 915 2482 preclaro
965 2421 1109 2480 personae,
1136 2419 1344 2484 nestrorumque
1366 2425 1556 2468 suceessorum
1585 2414 1612 2469 in
1641 2417 1768 2472 onmibus

126 2483 162 2538 mi
179 2482 313 2554 exemplo,
336 2496 398 2538 eum
490 2482 546 2538 euti
565 2497 639 2537 anim
662 2496 790 2537 eomuam
808 2479 915 2550 imperii
966 2478 1142 2546 utilitatibus,
1161 2481 1334 2552 inquantum
1356 2482 1449 2538 divium
1466 2482 1551 2539 iultus
1565 2482 1642 2540 luero
1662 2484 1768 2610 affluw'

35 2593 36 2624 ,
126 2554 260 2609 abeodem
277 2551 455 2609 Βιιιιιῑιιιιι
475 2552 565 2607 tinuit.
585 2551 653 2607 Rem
668 2560 763 2606 narrat
778 2551 916 2607 ditmarus
967 2547 1017 2612 rio,
1034 2551 1184 2607 seeundum
1199 2552 1270 2609 seire
1285 2566 1376 2608 meum
1395 2567 1427 2608 ae
1440 2567 1521 2624 posse
1543 2569 1601 2611 sme
1617 2552 1677 2610 irau
1698 2570 1712 2612 e
1735 2573 1768 2614 ac

125 2625 187 2694 tpnd
198 2615 366 2681 leibnitium
379 2619 646 2707 (Surrentinum.
663 2629 729 2678 mm·
741 2619 762 2687 Ι,
774 2636 837 2692 pag.
849 2620 914 2692 too)
966 2619 1038 2702 mallo
1054 2620 1172 2705 ingenio.
1197 2621 1243 2679 Sic
1265 2638 1310 2679 me
1330 2623 1401 2677 Deus
1417 2622 1537 2693 attiuret,
1561 2633 1590 2680 et
1601 2625 1659 2708 [ιιι
1672 2633 1767 2683 saneta

125 2694 406 2765 conceptislrisverbrs
418 2708 464 2750 nur
479 2689 757 2766 annatntefflltaio
768 2689 915 2763 (auleti)
965 2687 1013 2745 Der
1028 2691 1176 2762 euangelia.
1194 2712 1203 2745 ι
1219 2691 1287 2748 Num
1303 2690 1366 2749 Otto
1384 2691 1499 2766 Magnus
1522 2706 1669 2767 caeterique
1690 2696 1767 2752 Otto

35 2825 36 2828 Ἴ
125 2763 206 2821 mistus
227 2764 405 2837 perspicuis:
429 2781 439 2814 ι
460 2761 529 2819 Cum
545 2763 646 2822 dilecta
671 2764 771 2818 suimet
799 2760 915 2833 mniuge
965 2758 1179 2825 ncsdno,lillus
1194 2772 1332 2835 aenipeet
1350 2777 1384 2818 ne
1422 2778 1445 2830 s,
1461 2775 1663 2823 sacramentum
1685 2766 1766 2838 liujus

35 2833 36 2864 l
125 2833 283 2908 ῦιιιιςιιιιιιιι
306 2835 342 2889 ad
361 2832 505 2890 eeclesiam
527 2834 618 2890 saneti
639 2832 713 2890 Petri
734 2847 802 2904 papa
818 2845 915 2902 exspe-
965 2829 1058 2886 simile
1079 2831 1225 2898 ediderint,
1250 2842 1353 2904 prater
1373 2831 1484 2891 alatum
1510 2834 1766 2904 instetuemus

35 3111 36 3120 ’
125 3116 169 3172 ιιι
182 3133 229 3187 per
242 3117 339 3173 omnia
354 3115 451 3182 idelis,
467 3117 563 3171 deuota
572 3114 743 3187 protessione
760 3113 910 3186 respondit.

125 2915 205 2963 stante
218 2906 304 2970 venit,
319 2913 348 2960 et
364 2919 398 2958 an
447 2919 510 2960 uam
532 2904 761 2969 introduceretur,
772 2903 807 2958 ab
818 2902 913 2962 eodem
965 2913 1109 2957 successor
1131 2900 1240 2960 ottonis
1262 2904 1313 2971 lll,
1340 2910 1452 2962 sanctus
1481 2903 1616 2963 ilenrieus
1642 2923 1765 2966 omnum

125 2975 310 3049 interrogatus.
331 2975 354 3031 si
369 2973 429 3030 tide!
442 2989 455 3031 s
468 2973 548 3030 veltet
561 2973 691 3032 itomanc
704 2983 835 3045 patronus
853 2986 915 3028 esse
964 2970 1071 3041 primus
1091 2971 1249 3030 tidelitatem
1263 2975 1300 3032 sit
1317 2974 1470 3048 pollicitus,
1484 2977 1681 3048 incompertum
1699 2979 1766 3034 mibi

125 3045 278 3103 etdeieuser
297 3044 435 3110 Ecclesiae,
449 3044 504 3102 sibi
517 3053 608 3101 autem
622 3045 733 3115 suisque
749 3042 916 3100 successori·
965 3040 1375 3172 esssieegptelparincpiegliffirstameirst
1391 3046 1652 3173 ἢοῶιῃιξὲηιξὶι,ῃιῶιιι
1668 3049 1768 3174 0ιέξὲιὲ

124 3184 153 3241 lt
172 3198 232 3245 tuuc
253 3189 293 3244 ab
315 3189 412 3244 eodem
442 3187 626 3243 inunctionem
650 3197 679 3240 ιι
703 3198 831 3241 eoronam
850 3152 949 3240 currac
966 3127 1237 3253 :itepat’mmnmue
1264 3129 1400 3243 offiium
1424 3188 1520 3243 eadem
1544 3187 1680 3259 pollicitus
1706 3201 1767 3245 esse

35 3309 36 3312 ,
125 3260 256 3315 contectali
271 3273 322 3313 sua
339 3256 468 3327 suscepit.
486 3256 595 3325 »bitem
609 3253 723 3312 Ditmari
737 3256 829 3312 locum
839 3262 914 3314 recte
965 3247 1134 3309 ildelitatem.
1161 3253 1229 3311 Cum
1254 3258 1327 3313 euim
1355 3258 1389 3313 dc
1414 3255 1604 3313 transferenda
1631 3257 1766 3331 imperiali

35 3323 36 3348 ¹
126 3325 179 3382 ilat.
191 3328 347 3384 Alexander
368 3330 441 3397 (see.
458 3342 497 3391 tu,
511 3343 537 3383 c.
549 3327 575 3392 o,
590 3335 643 3381 art.
657 3325 684 3394 l,
702 3341 730 3397 p.
742 3325 794 3381 ott
830 3325 914 3381 inter·
963 3321 1096 3393 dignitate
1118 3324 1146 3379 in
1162 3327 1380 3396 potentissimum
1397 3341 1427 3382 re
1445 3342 1489 3383 em
1503 3327 1659 3386 0ttoncma
1677 3332 1769 3399 ponti·

35 3773 36 3782 ι
122 3748 350 3806 earnmosnialibus
361 3745 439 3804 libris
455 3748 566 3813 celebri,
584 3761 666 3817 quam
681 3746 829 3817 &intingit
845 3761 913 3817 quo·
964 3761 1021 3810 ms,
1045 3745 1184 3801 ciuitatem
1204 3747 1353 3804 Leonlnam
1379 3749 1580 3820 ingrederetur·

35 3907 36 3940 ι
124 3889 438 3958 consueveruntbemrn
452 3884 515 3944 licet
528 3887 706 3958 opportunius
718 3888 852 3960 agendum
865 3887 911 3952 sit,
963 3883 1148 3940 ilontanosud
1165 3887 1192 3940 ul
1215 3899 1295 3958 poten

124 3408 255 3478 prelatus:
275 3421 287 3449 ι
308 3396 402 3453 turma
418 3397 504 3468 prius,
523 3396 621 3466 iuquit,
638 3395 770 3454 Romanae
783 3325 913 3454 &eclesiae
964 3391 1015 3449 tice
1034 3402 1063 3449 et
1079 3394 1210 3452 llomanis
1231 3398 1394 3468 primatibus
1425 3344 1604 3454 deliberatum
1628 3398 1689 3466 luit,
1710 3417 1764 3457 non

35 3517 36 3536 ,
125 3483 132 3520 ι
161 3468 218 3538 ique
239 3469 389 3525 memento
405 3482 438 3524 ac
455 3468 658 3524 successoribus
675 3465 804 3524 tidelitate
820 3482 853 3523 oc
867 3467 914 3522 de·
964 3467 1067 3520 temere
1092 3473 1195 3521 tantum
1219 3468 1358 3538 negotium
1382 3475 1579 3539 pertractatum
1602 3467 1687 3526 sitisse
1707 3470 1764 3539 J'am

35 3573 36 3594 i
133 3541 245 3604 ensium,
264 3548 298 3593 ut
310 3538 449 3594 ltiunarus
463 3535 542 3592 initio
559 3536 621 3592 libri
638 3536 748 3608 septimi
760 3543 910 3593 testatur.»
963 3533 1019 3590 dixi
1033 3534 1122 3607 (num.
1135 3535 1198 3608 l0);
1213 3551 1256 3592 ma
1276 3539 1299 3594 is
1319 3548 1410 3594 autem
1436 3554 1470 3596 ae
1487 3540 1573 3611 magis
1586 3539 1763 3599 eoutlrmatur

125 3606 190 3664 dnm
212 3608 351 3666 asinalista
373 3606 459 3662 italus
476 3616 524 3663 ant
545 3621 598 3663 uon
623 3608 719 3674 sensit,
746 3615 794 3662 aut
812 3607 914 3663 sentire
959 3600 1116 3672 iuramento
1131 3605 1184 3662 alio
1198 3554 1274 3678 quo}
1287 3607 1402 3666 boutani
1425 3619 1574 3681 exegerunt
1588 3610 1622 3666 ab
1644 3609 1763 3682 impera-

124 3679 214 3742 noluit,
235 3695 299 3735 relat
313 3692 377 3734 esse
393 3679 428 3732 de
440 3678 619 3748 promissione
640 3692 688 3734 seu
702 3676 871 3750 pmiessione
884 3677 912 3737 in
964 3675 1129 3741 torecteeto,
1143 3685 1289 3748 antequam
1309 3680 1432 3735 diadema
1458 3678 1598 3752 imperiale
1622 3690 1766 3752 susceptu-

123 3834 168 3887 qne
186 3835 270 3891 super
289 3818 420 3889 gradibus
441 3815 561 3874 basilice
587 3818 673 3874 sancti
693 3817 767 3874 Petri
788 3816 913 3873 emittere
962 3814 1115 3871 Germanic
1137 3830 1229 3899 regem
1250 3817 1285 3873 ad
1297 3817 1495 3943 Jusirrrappidum
1519 3765 1766 3945 ractbessjftpfflfflilssss

1316 3903 1400 3943 unta
1439 3903 1544 3944 auctores
1571 3906 1584 3945 r
1637 3903 1684 3944 ere
1709 3906 1764 3948 ara

124 3973 177 4014 mm
190 3970 284 4016 maten
297 3960 472 4015 doctissimus
486 3956 657 4014 liabitlouius
670 3957 766 4028 etipse
781 3963 913 4027 irntcrprc·
962 3963 1070 4024 poterat
1088 3970 1170 4027 qurum
1199 3957 1338 4012 translatae
1362 3956 1443 4027 buius
1468 3958 1608 4031 diguitatis
1637 3961 1763 4030 occasio,

124 4036 176 4084 ιιιιι
195 4030 281 4086 allata
300 4031 382 4086 terina
395 4028 508 4083 blimart
533 4025 617 4097 (Mas.
630 4027 667 4082 lt.
681 4037 747 4084 tom
761 4025 795 4093 ll,
809 4027 912 4099 pstlib)
962 4041 1024 4079 eum
1039 4024 1308 4099 duodequadraginta
1329 4026 1386 4098 jam
1410 4027 1489 4084 annis
1513 4029 1613 4101 duplici
1635 4033 1764 4101 potestati

124 4098 202 4156 miuus
215 4111 294 4156 recte
305 4103 431 4163 attimtet,
445 4096 615 4169 Carolingios
632 4098 703 4154 baud
718 4096 844 4153 dissimili
856 4095 913 4152 ior·
963 4109 1066 4149 morem
1086 4109 1182 4166 gerere
1202 4098 1394 4154 desuererunt.
1420 4099 1677 4172 Pmrerquamquou
1692 4100 1763 4158 idum

124 4170 186 4224 nula
201 4186 266 4226 usos
283 4184 355 4234 esse,
369 4168 569 4238 professionum
590 4168 736 4224 discmmen
759 4168 805 4222 bic
823 4168 851 4223 in
866 4183 914 4222 au·
963 4164 1077 4235 iiaguus
1098 4162 1163 4222 Otto
1181 4182 1235 4223 uon
1255 4168 1342 4223 solum
1365 4169 1538 4240 apontiflee‚
1559 4169 1708 4228 sedetiam
1728 4174 1764 4228 ab

123 4243 246 4297 lecessnm
284 4253 416 4309 reponam
435 4251 546 4293 neeesse
559 4247 611 4294 est.
963 4235 1084 4290 omnibus
1108 4238 1221 4294 ciuitatis
1235 4239 1403 4310 proceritas,
1420 4256 1448 4295 se
1466 4257 1600 4313 nunquam
1628 4240 1763 4314 Bereugn-

152 4308 226 4366 ibi.
271 4308 379 4364 ormula
390 4308 570 4378 professionis
590 4322 643 4380 qua
656 4307 698 4363 nsi
711 4315 775 4363 snut
789 4305 912 4362 Carolin-
962 4306 1014 4371 rio,
1034 4315 1112 4378 etque
1136 4307 1274 4364 udelberto
1297 4309 1490 4374 auxiliatores,
1509 4308 1699 4381 jusjurandum
1719 4328 1764 4370 ac·

137 4378 151 4392 ''
170 4377 258 4436 exstat
279 4379 307 4435 iu
325 4380 438 4450 antiquo
455 4377 501 4433 illo
516 4377 619 4434 Ordine
632 4378 703 4449 apud
727 4375 910 4432 biabillouium
962 4375 1045 4444 cepit,
1061 4386 1091 4431 ut
1102 4377 1285 4449 Luitprandus
1297 4387 1530 4452 testaturtquare
1542 4389 1571 4436 ut
1580 4382 1711 4453 pontifex,
1726 4384 1764 4440 ita

122 4393 189 4516 fruiti
201 4464 229 4521 p.
243 4449 311 4521 aas)
324 4458 353 4505 et
364 4463 408 4532 ap.
424 4447 544 4506 llartene
557 4449 601 4520 (de
612 4457 667 4504 ant.
681 4445 731 4503 lic.
744 4445 798 4500 tiit.
815 4446 862 4502 lib.
879 4462 908 4511 u,
963 4454 991 4500 et
1007 4460 1166 4515 proceresa
1181 4463 1244 4522 rege
1255 4447 1355 4506 Ottoue
1368 4448 1554 4522 jurameutum
1565 4453 1688 4526 exegisse
1705 4468 1764 4509 artr-

122 4519 169 4573 ιι
191 4535 278 4592 parvo
289 4533 352 4576 cunt
364 4517 521 4574 discrimine
534 4518 574 4576 sic
583 4531 709 4590 expressa
720 4535 730 4583 ;
742 4534 752 4568 ι
765 4516 910 4572 Promissis
927 4508 1108 4587 Dbigendum
1121 4533 1175 4573 nou
1189 4519 1306 4577 ridetur.

121 4587 289 4664 inperatoris.
317 4590 346 4645 lu
365 4589 477 4646 nornine
495 4588 597 4645 curun
620 4589 759 4659 promitto,
829 4587 909 4656 ndeo,
999 4585 1053 4660 42
1082 4585 1184 4643 litttt.
1214 4589 1295 4646 Certe
1317 4591 1346 4647 in
1370 4591 1559 4662 antiquissimo
1590 4592 1637 4651 illo
1662 4592 1762 4652 Ordine

123 4668 195 4728 atque
214 4661 350 4731 polliceor
368 4673 420 4732 ego
445 4657 643 4730 ii.imperator
666 4671 760 4713 eoram
846 4697 855 4722 ,
883 4667 910 4714 et
962 4661 1026 4713 aum
1055 4657 1124 4713 idid
1147 4661 1346 4732 exstatduples
1377 4662 1404 4719 id
1427 4662 1612 4734 juramentum
1632 4664 1765 4722 llomanis

123 4727 194 4786 beatu
215 4732 310 4796 euro,
333 4744 378 4786 ute
403 4739 586 4801 protectorem
611 4737 639 4785 et
660 4725 831 4784 defensorem
850 4743 911 4785 (sse
961 4730 1114 4798 praestitum
1128 4730 1163 4785 ab
1175 4729 1292 4787 ilenrico
1304 4731 1338 4788 ltt
1355 4731 1507 4789 Gemmuiae
1522 4749 1595 4807 rege,
1615 4745 1643 4791 et
1656 4737 1683 4791 iu
1696 4737 1765 4792 actis

123 4795 194 4868 babis
207 4810 312 4857 sanctas
326 4800 454 4856 donnanae
467 4800 595 4856 Ecclesiae
607 4800 633 4855 in
646 4799 772 4854 ominbus
784 4797 910 4853 utilimti-
962 4799 1149 4855 coronationis
1169 4798 1314 4858 lierrrieiil
1336 4804 1408 4873 apud
1423 4803 1569 4862 llamuium
1585 4806 1676 4876 (llil,
1692 4823 1719 4861 n.
1734 4806 1763 4880 5)

123 4867 177 4935 bus,
194 4873 370 4942 inquantum
389 4870 482 4925 diuino
501 4871 586 4926 tultus
607 4869 683 4925 tuero
703 4869 852 4937 adimorio,
868 4885 911 4926 se·
962 4866 1081 4938 legitur:
1098 4886 1108 4920 ι
1126 4869 1184 4924 buo
1192 4870 1348 4940 )ιιιιιιιιιιιιι
1363 4888 1397 4930 ιι
1408 4889 1484 4931 more
1503 4874 1578 4943 iecit,
1591 4892 1673 4933 unum
1682 4876 1762 4948 Juxta

121 4943 230 4997 canuam
248 4941 321 4997 scire
345 4954 435 4995 rneum
455 4949 483 4996 et
497 4956 587 5024 posse.
607 4961 617 4994 ι
639 4939 767 4995 Eamilem
787 4939 910 5009 aliquau-
960 4939 1140 5008 ponticulum,
1165 4940 1369 5013 altemmjuxta
1392 4945 1515 5014 porticus
1539 4956 1646 5018 portam
1664 4947 1763 5018 populo

122 5011 200 5089 tutum
213 5011 319 5066 rarum
335 5025 398 5065 ren.
412 5011 546 5068 [tarnum
559 5011 632 5084 (80⁰,
655 5026 683 5065 u.
698 5010 725 5082 ¹1)
745 5009 909 5080 jampridem
962 5008 1037 5065 iecit.
1060 5030 1070 5063 ι
1091 5010 1157 5077 Quae
1185 5013 1295 5082 quidem
1313 5016 1481 5072 consuetudo
1502 5017 1536 5072 ad
1564 5017 1711 5072 bettricum
1726 5017 1762 5074 tv

122 5091 253 5137 moseres
265 5080 384 5136 Annales
401 5081 532 5138 retulerat
550 5080 740 5152 iusiurandum
760 5079 910 5151 appellans,
961 5093 1017 5136 nou
1035 5078 1163 5146 retertur,
1196 5082 1239 5137 uio
1254 5099 1308 5139 nun
1329 5083 1554 5152 sultcorouatus;
1572 5087 1763 5143 multominus

121 5151 306 5218 gundarobnn
319 5159 347 5207 ιι
360 5162 486 5221 posteros
500 5168 563 5208 usos
577 5167 637 5208 esse
652 5150 801 5216 contendit,
816 5166 850 5205 nc
869 5152 911 5206 bi-
961 5150 996 5205 ad
1016 5149 1164 5222 ilenricum
1175 5096 1216 5208 qli
1228 5153 1285 5225 oui,
1300 5170 1362 5211 cum
1382 5154 1476 5212 Roma
1493 5163 1575 5224 esset,
1587 5158 1640 5213 duo
1659 5157 1704 5212 illa
1716 5156 1762 5227 )ιι-

35 5249 36 5256 ι
121 5232 208 5276 secante
231 5224 342 5295 (paridem
366 5222 460 5294 Pugio.
485 5222 615 5293 Equidem
638 5222 717 5277 uideo
742 5221 860 5278 Leonem
877 5221 910 5277 ill
962 5232 1086 5276 ramenta
1100 5222 1165 5278 alibi
1180 5224 1318 5293 praestitit.
1331 5225 1506 5282 Consuetudo
1525 5227 1617 5298 igitur,
1634 5242 1682 5283 seu
1701 5242 1761 5283 ntes

121 5293 170 5360 lep.
184 5291 219 5355 2,
249 5293 343 5360 ιιιιιι)
370 5291 497 5363 ingerendi
526 5306 625 5365 geum
641 5308 720 5347 usum
745 5294 910 5361 essequod
961 5291 1095 5348 uetustior
1111 5295 1138 5348 in
1167 5295 1236 5351 netis
1262 5294 1397 5353 laudatur.
1421 5297 1460 5353 Ea
1481 5312 1546 5352 vero
1565 5297 1636 5353 unde
1664 5298 1761 5353 nicetius

120 5361 265 5441 burianum
285 5365 395 5419 utiuime
418 5364 573 5419 adhibuisse
590 5362 775 5433 deprehendi:
789 5361 840 5428 Qui
856 5381 909 5430 nos,
961 5371 1111 5434 repetatur,
1131 5378 1247 5446 quamn
1275 5366 1452 5424 translatione
1476 5368 1581 5438 intperii
1604 5367 1637 5423 ad
1651 5365 1762 5423 Gemin-

121 5434 211 5501 muuit,
227 5436 258 5487 in
270 5434 324 5488 suis
344 5433 503 5488 utilitatibus
523 5435 556 5488 de
568 5448 672 5488 ensores
690 5433 835 5492 constituit.
850 5449 911 5503 quau
961 5448 1023 5500 nos,
1041 5448 1095 5488 nou
1121 5434 1208 5491 video.
1236 5434 1438 5504 Quamobrem,
1463 5439 1570 5493 tametsi
1595 5436 1761 5506 coniecturis

120 5516 133 5553 s
161 5502 310 5559 soie-ssione
323 5518 378 5560 nou
392 5503 505 5559 multum
519 5505 554 5558 ab
565 5504 660 5560 uduut.
676 5502 812 5558 Preterea
823 5504 912 5558 anina·
962 5501 1102 5574 indulgere
1116 5520 1170 5560 non
1193 5505 1277 5572 soleo,
1289 5509 1356 5564 mibi
1365 5518 1455 5563 tamen
1470 5509 1706 5577 persuasissimum
1718 5518 1762 5566 est

153 5584 228 5629 certo
243 5574 450 5643 pmmissionem
468 5575 634 5645 imperatoris
651 5573 812 5643 nuncupari,
829 5582 911 5645 atque
961 5574 1001 5629 rei
1014 5583 1097 5630 oertae
1110 5574 1242 5657 originem
1254 5576 1306 5632 ista
1319 5578 1463 5635 certiorem
1478 5577 1655 5636 inueniriuon
1668 5593 1758 5650 posse.

121 5641 505 5716 inperatorempmlessionom
529 5644 603 5701 illam
617 5644 749 5707 emittere,
774 5644 846 5714 quod
863 5646 909 5701 uui
961 5643 1098 5701 Caeterum
1116 5646 1297 5703 arirruadterti
1324 5650 1413 5714 debet,
1442 5649 1515 5719 quod
1538 5650 1693 5719 promissio,
1711 5666 1759 5706 seu

120 5711 223 5779 Caroto,
235 5715 282 5796 qtsi
294 5717 327 5771 de
345 5715 492 5787 improuiso
505 5723 651 5771 comitatus
668 5715 810 5784 dictusque
830 5716 911 5787 impe·
960 5713 1096 5788 protessio
1111 5715 1337 5784 Cautliugiomm,
1358 5719 1385 5773 in
1397 5731 1460 5774 area
1475 5733 1558 5792 super
1567 5720 1696 5793 gradibus
1708 5721 1758 5776 ba·

122 5796 192 5839 tator
216 5787 279 5848 tuat,
300 5786 444 5843 conuenire
469 5795 567 5857 potest.
595 5784 777 5854 Quamobrem
803 5786 910 5844 flammi
962 5786 1047 5842 silice
1067 5787 1154 5843 sancti
1178 5786 1251 5844 Petri
1278 5788 1381 5844 solebat
1402 5788 1479 5860 ileri;
1503 5798 1532 5845 at
1558 5800 1757 5849 satemmentum
