4050 6192
175 276 227 332 sits
263 278 340 336 cub.
362 278 449 334 utet.
468 309 502 319 —
520 275 663 340 BONUM..
685 274 773 341 etc,
792 274 858 331 SEU
878 273 954 331 cub.
974 272 1099 330 eluet.
1118 274 1382 332 -trr.-—1ttss.
1404 275 1447 331 be
1467 272 1552 330 utet.
1573 274 1678 331 deun.
1690 276 1711 333 l.
1748 278 1801 337 clu

173 390 337 454 servatione,
352 389 459 458 qualem
474 389 579 443 donum
591 398 619 442 ct
638 387 805 442 venerandus
816 386 962 455 spiritualis
976 389 1000 448 Α
1013 385 1131 442 directos
1147 389 1323 458 emendentur
1335 401 1357 442 ι.
1373 389 1430 445 lloc
1445 400 1475 445 ut
1494 391 1662 449 abomnibus
1679 397 1802 461 ltdellbnc

173 468 360 529 paternoster
376 459 430 514 Leo
446 467 541 527 sponte
559 457 656 514 iecisse
671 455 820 512 dinoscitur
831 467 855 508 ¹.
1013 464 1114 510 sanctae
1135 456 1182 512 bet
1195 457 1331 520 Ecclesiae,
1349 469 1377 514 et
1389 461 1489 515 nostris
1509 458 1616 517 ιιιιιιιιιιι
1633 478 1693 522 esse
1707 473 1800 528 creda.

211 529 337 583 Preterea
359 528 411 582 alia
428 528 532 583 minora
548 529 610 583 buic
623 527 698 596 operi
720 525 860 582 inserenda
875 524 964 593 previ-
1013 533 1067 588 tur,
1082 528 1190 595 proprie
1204 543 1300 584 manus
1315 530 1466 600 signaculo,
1483 539 1511 586 et
1532 532 1661 588 nobilium
1684 541 1800 607 optima.

171 597 274 662 dimus,
288 598 413 653 videlicet
427 606 456 652 ιιι
470 598 497 652 ln
516 598 648 653 electione
660 595 815 665 pontilicum
830 609 916 664 oeque
931 593 963 646 li·
1013 601 1070 649 tum
1095 604 1248 652 nostrorum
1270 599 1510 670 subscriptionibus
1532 600 1585 658 boc
1627 613 1718 661 actum
1736 627 1801 669 con.

171 668 233 730 ber,
256 683 343 739 neque
360 681 453 722 servus
472 670 505 721 ad
519 667 570 722 boc
588 666 679 721 venire
695 674 845 734 presumat,
869 672 899 718 ιιι
911 663 963 718 illis
1012 662 1173 722 lirmatiunis
1187 677 1279 722 nostre
1296 670 1497 735 roboravimus,
1511 678 1539 724 ct
1560 618 1633 729 bulfc
1645 685 1737 736 nostre
1749 682 1801 737 im.

173 734 315 802 Romanis,
337 752 405 807 quos
421 738 455 791 ad
472 737 541 791 banc
557 736 716 791 electionem
735 733 964 804 pereonstitutio·
1012 735 1143 803 pressiuni
1155 736 1211 791 adst
1231 736 1424 806 narijnssimns
1440 738 1463 792 l.

171 820 238 860 nem
250 815 404 861 sanctourm
421 817 528 875 patrum
546 807 655 875 antiqua
668 805 775 858 admisit
787 804 961 865 consuetudo,
1047 803 1188 876 isignum
1208 753 1289 862 iconi
1311 809 1421 865 tlctunis
1440 809 1604 866 serenissimi
1617 813 1800 889 imperatoris,

169 874 283 945 abquod
306 874 387 931 iaciat
407 874 635 944 impedimentum.
659 873 736 941 Quod
753 873 775 928 si
795 874 856 943 quis
869 879 961 932 contra
1012 887 1045 927 ac
1055 889 1164 930 suorum
1178 876 1376 1001 cpiscoporum,
1389 879 1526 944 abbatum,
1541 890 1567 936 et
1581 884 1749 1014 comitum]
1760 890 1802 947 Si·

171 945 247 1001 lianc
258 954 377 1001 nomnen
396 945 615 1000 constitutionem
631 945 670 998 ire
689 945 889 1025 presumpserit,
906 942 963 997 exi-
1012 945 1262 1029 gnumddalgagi[
1293 947 1398 1003 daldai
1440 949 1666 1020 llamaburgensis
1686 972 1718 1013 ec
1744 960 1801 1020 esic

170 1014 212 1069 lio
236 1015 359 1070 tradatur
379 1014 405 1066 ι.
427 1014 539 1084 iusuper
557 1014 638 1069 etiam
657 1020 688 1066 ut
707 1012 797 1069 nullus
819 1026 962 1068 missorum
1012 1013 1347 1097 archiepiscope-Signum
1363 965 1403 1072 {f
1437 1018 1471 1072 rti
1490 1016 1660 1099 [llartberti]
1688 1025 1800 1088 Carica.

169 1093 329 1139 nostrornm
352 1083 543 1153 cuiuscumque
566 1082 748 1151 impeditionis
775 1088 962 1153 argumentum
1012 1097 1051 1138 sts
1066 1085 1179 1140 ecclesie
1189 1087 1316 1156 episcopi.
1331 1086 1443 1158 Signum
1458 1087 1599 1159 Drrogonis
1613 1092 1801 1170 bamburgen-

163 1167 336 1224 cumponerc
362 1156 384 1223 1
464 1153 491 1207 in
512 1151 643 1221 praelatam
669 1152 827 1208 electionem
854 1151 961 1215 audeat,
1011 1152 1051 1207 sis
1084 1151 1198 1225 [bryog.
1230 1154 1481 1228 llsnabrugguensis
1532 1160 1645 1216 ecclesie
1668 1166 1797 1241 episcopi.

168 1223 348 1291 probibemus
362 1235 385 1275 ι.
413 1223 465 1277 'arn
476 1232 504 1277 ct
515 1224 566 1278 boc
577 1222 738 1276 omnimodis
752 1221 893 1277 instituere
905 1220 962 1289 pla·
1012 1218 1126 1293 Signum
1152 1220 1263 1282 Oetonis
1284 1226 1487 1297 Argentinensis
1539 1229 1651 1287 inlunis
1668 1233 1800 1307 argente.

168 1294 240 1355 cuit,
266 1298 296 1346 nt
321 1292 368 1361 qui
388 1292 470 1348 semel
494 1293 545 1346 snlt
566 1291 676 1360 speciali
700 1290 855 1346 defensione
879 1290 960 1346 donni
1011 1293 1119 1366 nensis]
1135 1294 1245 1349 ecclesie
1257 1295 1385 1365 episcopi.
1402 1295 1513 1365 Signum
1527 1296 1636 1355 0tuvini
1655 1302 1798 1366 llilunesc.

168 1363 331 1431 apostolici,
352 1362 409 1418 sive
431 1369 522 1416 nostra
546 1359 645 1415 luerint
665 1362 797 1429 suscepti,
819 1362 960 1431 impetrata
1011 1364 1113 1417 mensis
1134 1361 1374 1438 [lliltioesernen.]
1396 1366 1510 1420 ecclesie
1527 1370 1655 1438 episcopi.
1686 1373 1798 1448 Signum

166 1429 243 1499 juste
258 1441 369 1487 utantur
384 1431 548 1487 defensione.
567 1430 644 1498 Quod
657 1431 679 1484 si
690 1432 787 1502 quisin
798 1443 961 1500 uuenrquam
1011 1429 1179 1487 Landuvarei
1201 1432 1388 1506 [launduartil
1415 1433 1595 1494 llindonensis
1612 1443 1725 1501 ecclesie
1742 1451 1799 1519 epi.

168 1501 281 1556 illorum
294 1503 338 1571 qui
353 1503 404 1557 lroc
413 1509 627 1571 prornememnt,
645 1500 745 1555 sinum
757 1500 959 1571 presumpserit,
1011 1502 1094 1570 scopi.
1111 1501 1222 1573 Signum
1236 1503 1326 1575 lltgeri
1338 1503 1535 1561 Nemetiucnsis
1543 1508 1655 1566 ecclesie
1668 1514 1797 1589 episcopi.

167 1571 243 1625 sciat
261 1586 290 1625 se
305 1571 453 1641 pericrdum
472 1571 526 1624 vite
548 1585 595 1624 suc
610 1584 670 1625 esse
687 1570 866 1653 incrrrsurum.
895 1570 960 1651 illud
1011 1569 1093 1693 ξεί,
1110 1571 1220 1697 sianum
1232 1572 1347 1655 Gerenia
1358 1573 1533 1633 'tortunensis
1546 1579 1659 1637 ecclesie
1668 1584 1758 1653 episca
1778 1589 1798 1644 ῑ.

165 1642 255 1695 ctiam
276 1642 474 1705 coinfirmamns,
492 1646 523 1694 ut
542 1638 631 1695 donno
648 1641 796 1708 apostolico
810 1649 912 1706 rustam
932 1656 959 1694 m
1033 1657 1123 1710 rgnurn
1164 1644 1266 1697 ucbern
1279 1642 1467 1700 Parmancnsis
1479 1647 1591 1704 ecclesie
1612 1652 1740 1731 episcopi.
1756 1604 1799 1714 gt.

166 1711 297 1766 omnibns
307 1709 612 1774 serveatobedientiam,
625 1724 670 1764 seu
681 1710 804 1775 ducibus,
820 1708 959 1778 acjudiri·
977 1725 1091 1797 Bgnum
1115 1711 1246 1768 (luidonis
1269 1713 1436 1770 bluturmosis
1452 1714 1667 1794 [llutucnensrs]
1685 1726 1799 1786 ecclesie

167 1780 225 1835 bus
237 1781 294 1836 suis
305 1780 339 1835 acl
349 1779 480 1849 iustitiam
496 1777 676 1834 taciendamd.
1009 1779 1100 1849 cpisco
1121 1782 1138 1835 i.
1153 1781 1266 1852 Signum
1283 1782 1407 1838 llnttonis
1421 1783 1561 1841 Fuldensis
1580 1795 1735 1850 monasterii
1750 1800 1799 1856 ab·

208 1849 276 1905 lluic
288 1851 360 1906 enim
384 1848 547 1905 institutioni
570 1848 621 1904 boc
641 1849 794 1906 necessario
812 1858 959 1905 aonecten-
1009 1848 1088 1905 batis.
1101 1796 1212 1922 {ignum
1229 1851 1370 1908 Guntlmrii
1385 1852 1629 1915 llerullellelrlensis
1645 1859 1798 1931 [Hemlles.

168 1918 237 1972 dum
262 1934 320 1975 esse
340 1920 540 1989 perspeximus,
560 1925 590 1971 ut
612 1919 687 1973 missi
704 1919 785 1974 donni
809 1919 958 1989 apostolici,
1008 1915 1073 1993 lei]
1091 1923 1246 1976 anonasterii
1261 1922 1375 1978 abbatis.
1401 1921 1512 1994 Signum
1530 1925 1691 1986 lieberbar'ti
1713 1939 1798 1995 comi.

166 2002 218 2043 seu
233 1986 317 2044 nostri
335 2003 440 2059 semper
453 1990 508 2044 siut
523 1988 673 2052 constituti,
689 1988 734 2059 qui
753 1989 891 2045 aunuatim
907 2005 957 2044 no·
1008 1988 1054 2044 tis.
1080 1988 1191 2059 Signum
1217 1989 1358 2047 Guntlaarii
1387 1994 1503 2049 comitis.
1532 1994 1643 2079 Signum
1671 2000 1797 2074 Burgarti

165 2058 222 2122 bis,
238 2058 281 2113 vel
294 2059 349 2115 dlio
364 2067 456 2114 nostro
470 2057 626 2114 renuntiare
639 2058 753 2122 valearn,
769 2059 885 2129 qualiter
903 2058 959 2113 sin-
1009 2057 1166 2130 [Bnrgbarti
1185 2057 1325 2132 ]eomitls.
1351 2061 1464 2132 Signum
1493 2064 1588 2121 Ytortts
1613 2071 1728 2128 comitis.
1754 2074 1797 2133 si.

165 2129 224 2210 guli
239 2129 322 2186 ‹luess
336 2128 482 2199 aemilium
495 2129 594 2199 populu
609 2125 742 2195 iustitiam
763 2127 873 2192 iaciant,
889 2128 959 2183 banc
1007 2143 1088 2198 gnum
1099 2129 1231 2185 Conrates
1241 2128 1402 2202 [Crunratcs
1413 2131 1422 2206 ]
1434 2135 1551 2188 comitis.
1568 2135 1679 2206 Signum
1695 2141 1797 2202 Ernes-

166 2200 336 2268 tmpcrialem
349 2200 568 2256 corrsututionent
582 2199 716 2268 quomodo
731 2197 884 2254 observent.
906 2197 957 2266 Qui
1007 2196 1525 2275 tes.SignumTbictheresl'lbicsteris],
1534 2205 1796 2283 llicdages.l.iupea,

167 2270 247 2324 missi
263 2271 441 2333 decernimus,
456 2279 486 2336 ut
499 2268 616 2339 primurn
628 2276 739 2324 cunctos
755 2268 896 2330 clamores,
911 2267 957 2336 qui
1006 2265 1147 2338 llarviges.
1158 2268 1292 2324 Arnolles.
1305 2269 1452 2341 lngiltbies,
1466 2272 1639 2344 Burgartlacs,
1655 2279 1794 2354 Retiogcs.

166 2353 218 2407 per
236 2340 425 2410 negligentiam
444 2341 542 2394 dueum
558 2336 622 2409 [scu
635 2335 774 2409 judicum]
798 2336 897 2391 luerint
917 2338 958 2392 in·
1005 2335 1084 2392 Anno
1105 2338 1242 2394 Dominice
1264 2339 1458 2396 incarnationis
1483 2359 1632 2412 nccectnn,
1659 2350 1741 2408 indic.
1766 2371 1795 2420 v,

166 2409 251 2472 venti,
266 2412 300 2465 ad
314 2410 436 2467 notitiam
454 2408 536 2465 donni
555 2408 692 2478 apostolici
707 2405 838 2472 delerant,
854 2414 882 2461 et
901 2407 958 2477 ipse
1006 2419 1099 2462 meuse
1111 2409 1188 2474 Feb,
1204 2424 1252 2463 xnt
1266 2408 1310 2464 die
1324 2408 1443 2477 ejusdcm
1464 2414 1573 2478 mensis,
1587 2422 1796 2478 annoveroim.

165 2493 254 2532 noum
273 2480 400 2535 eduobus
413 2478 503 2550 eligat,
522 2486 570 2535 aut
590 2479 681 2533 statim
695 2491 746 2547 per
766 2477 875 2557 eosdem
893 2478 958 2534 mis-
1004 2477 1073 2556 perii
1097 2479 1179 2533 donni
1201 2476 1452 2601 OctonisJOttonis
1478 2481 1601 2557 imperii]
1626 2486 1795 2550 invictissimi

164 2562 214 2601 sus
237 2546 302 2602 liant
316 2550 372 2618 ipse
388 2550 564 2605 necessitates
578 2546 728 2610 emendate,
750 2554 796 2600 aut
812 2561 894 2601 mnsm
905 2562 956 2601 no-
1005 2548 1176 2617 tmperatoris
1190 2549 1305 2613 ιιιιι,ε
1333 2556 1392 2604 aeta
1407 2550 1508 2607 estnec
1519 2555 1609 2622 pactio
1622 2554 1747 2620 lcbciter,

164 2626 226 2673 mm
241 2619 319 2674 nobis
332 2619 516 2682 renuntiante,
537 2633 587 2688 per
607 2624 714 2673 nostros
733 2616 829 2671 missos
846 2632 863 2671 a
879 2617 957 2672 nobis

191 2757 217 2785 ··
227 2743 313 2814 Caput
336 2745 455 2811 tertium,
478 2761 531 2815 quo
544 2745 715 2816 imperatoria
734 2751 853 2814 potestas
866 2753 957 2801 erten-
1005 2743 1083 2801 lacile
1098 2744 1229 2815 intelliget
1245 2756 1428 2802 assumentum
1449 2762 1510 2804 esse
1529 2764 1624 2820 parum
1643 2755 1796 2812 conducens

164 2814 291 2879 debatur,
304 2816 331 2870 ιιι
346 2831 379 2871 eo
389 2817 470 2871 sitnm
485 2825 552 2879 erat,
567 2825 595 2871 ιιι
611 2814 685 2869 missi
700 2814 853 2883 imperiales
863 2831 957 2872 conse·
1004 2813 1149 2871 Ottoninno
1160 2831 1228 2884 aevo,
1242 2832 1306 2872 cum
1325 2815 1440 2874 Romani
1456 2819 1521 2889 imp.
1533 2828 1693 2891 potestatem
1716 2839 1796 2882 ater-

164 2882 280 2938 crationi
299 2887 470 2951 interessent,
487 2900 577 2940 coram
599 2885 696 2955 quibus
710 2882 831 2956 potuilex
854 2885 956 2943 electus
1004 2888 1143 2942 sabantur.

164 2953 374 3022 promissionem
399 2971 446 3011 seu
469 2953 662 3025 prelessioocm
687 2954 811 3008 emittere
829 2952 954 3022 debebat,
1043 2953 1053 2993 l
1073 2955 1140 3010 Vide
1153 2955 1367 3012 dissertationem
1379 2955 1418 3027 ln.
1432 2955 1495 3029 ιι).

164 3023 273 3092 onmem
291 3024 345 3079 Leo
364 3026 399 3082 tv
414 3027 516 3095 absque
534 3025 676 3081 missorum
695 3024 837 3093 praesentia
860 3039 955 3081 eonse-
1042 3027 1056 3065 ⁸
1066 3024 1107 3078 Nil
1118 3024 1289 3098 chronologia
1301 3026 1351 3080 ista
1366 3027 1475 3090 rectius,
1490 3026 1512 3083 si
1525 3042 1574 3102 pro
1586 3031 1796 3090 annovicesimu

163 3103 268 3157 cratus,
286 3095 377 3150 emisit
398 3094 479 3150 ultro.
503 3094 629 3162 Quanam
647 3094 698 3147 ista
718 3092 798 3147 luerit
820 3108 953 3166 nusquam
968 3076 991 3140 C
1005 3095 1119 3166 septimo
1140 3094 1264 3165 imperii,
1290 3096 1393 3167 primus
1422 3105 1495 3152 esset
1521 3099 1634 3171 positus.
1664 3101 1796 3160 &reolus

164 3163 310 3231 reperitm.
323 3163 412 3229 Quare
425 3180 558 3220 summam
570 3162 628 3231 ejus
640 3161 778 3233 diplomati
790 3163 861 3230 bnic,
872 3175 899 3220 et
911 3180 953 3220 se·
1004 3165 1014 3230 l
1021 3181 1066 3220 au.
1080 3163 1141 3228 cett,
1166 3180 1194 3218 tt.
1212 3165 1260 3237 ιι)
1275 3181 1307 3220 ex
1325 3166 1516 3237 diplomatibus
1537 3175 1565 3223 et
1583 3170 1651 3225 actis
1663 3174 1796 3246 synodali-

162 3232 259 3300 quenti
271 3231 365 3287 relerri
381 3241 487 3305 oportet
500 3243 648 3303 acceptam.
1002 3237 1055 3291 bus
1067 3243 1192 3291 constare
1207 3235 1245 3289 ait
1262 3238 1444 3307 praecedentes
1458 3252 1542 3293 annos
1557 3239 1590 3294 au
1610 3253 1748 3311 tegaums

201 3301 270 3355 ιιι
290 3302 434 3358 Constituit.
456 3318 538 3373 quam
563 3302 705 3359 lotharius
727 3303 790 3358 lecit
808 3303 847 3358 Eu
866 3318 911 3358 en.
932 3303 954 3359 ll
1003 3313 1087 3370 ctare,
1113 3320 1166 3360 non
1188 3305 1223 3358 ad
1247 3305 1400 3376 imperinm.
1426 3306 1532 3362 Eruditi
1554 3322 1648 3364 omnes
1674 3312 1795 3368 unantmi

163 3372 384 3430 consentientem
395 3373 465 3429 atrio
474 3372 559 3429 macti
569 3371 640 3427 Petri
652 3389 696 3427 ao.
710 3373 772 3436 sat,
785 3319 884 3443 ιαμβι,
896 3374 955 3429 baec
1003 3388 1134 3431 consensu
1145 3374 1215 3428 idem
1226 3373 1370 3429 affirmant.
1391 3374 1459 3430 llam
1474 3391 1567 3432 revera
1579 3393 1650 3434 anno
1659 3380 1711 3435 936
1725 3381 1796 3436 lien·

163 3440 353 3506 desumuntur,
378 3444 467 3498 verbis
489 3442 523 3496 ali
544 3451 657 3498 uateous
675 3444 795 3507 mutatis,
821 3444 953 3498 sententia
1003 3446 1060 3500 rico
1072 3443 1082 3499 l
1095 3459 1157 3514 rege
1168 3442 1319 3500 Germaniae
1333 3454 1448 3509 mortuo,
1466 3444 1529 3501 Οιιο
1541 3446 1599 3516 ejus
1614 3448 1686 3504 lilius
1699 3449 1796 3519 Aquis·

163 3509 280 3634 ωας-ι.
293 3512 411 3567 llolsten.
429 3512 513 3586 (Call.
554 3528 606 3565 om.
622 3526 680 3582 par.
699 3529 729 3579 n,
742 3527 770 3582 p.
785 3512 864 3582 208).
1003 3514 1080 3586 grani
1093 3520 1236 3569 comestus
1248 3523 1308 3569 erat
1328 3530 1390 3579 rex;
1413 3529 1497 3585 qnare
1512 3516 1563 3571 hoc
1576 3532 1648 3575 auno
1658 3517 1710 3573 962
1725 3521 1796 3576 vice·

200 3592 213 3618 ι
251 3595 319 3636 auca
332 3582 389 3638 bace
401 3583 741 3638 desuntinconstitutiooc
756 3581 893 3653 predicta,
907 3597 954 3637 ne·
1003 3584 1088 3639 sitnus
1098 3583 1228 3652 septimus
1241 3583 1349 3638 llucbat.
1370 3585 1405 3638 tt
1422 3600 1492 3639 anno
1507 3585 1552 3640 vix
1567 3586 1614 3642 eut
1634 3603 1683 3644 rex
1699 3589 1791 3655 ltaliae,

162 3665 217 3719 que
243 3651 342 3707 ibidem
364 3666 424 3707 esse
450 3659 571 3722 poterant
586 3665 667 3706 :nam
692 3652 836 3708 Lotlmrius
858 3651 953 3722 viginti
1003 3662 1031 3709 et
1056 3651 1109 3708 ιιι
1132 3653 1261 3707 ιιιιιιιιι.
1295 3668 1387 3710 mense
1415 3655 1562 3725 imperator
1584 3666 1627 3712 est
1649 3667 1794 3715 coronatus

162 3719 281 3791 amplius
297 3722 375 3776 annis
395 3720 672 3792 postea'privilegium
687 3722 811 3785 obtinuit,
834 3734 859 3776 ut
877 3720 954 3776 missi
1003 3723 1105 3778 Romae.
1133 3723 1233 3778 ilerum
1261 3721 1440 3779 Gotuicensis
1464 3724 1548 3780 abbas
1575 3740 1647 3798 sape
1669 3728 1794 3786 laudatos

161 3789 318 3859 imperiales
337 3791 535 3848 consecrationi
550 3792 720 3846 interessent.
736 3791 803 3847 lllnc
816 3801 906 3846 anum
925 3792 955 3845 li·
1003 3793 1202 3857 animadvertit,
1211 3792 1328 3863 diploma
1335 3793 1407 3848 abed
1424 3800 1532 3848 essum
1544 3798 1615 3870 apud
1632 3798 1790 3863 Frebemm,

162 3866 239 3928 quet,
260 3871 343 3932 quarn
360 3862 532 3917 vehementer
549 3876 598 3930 pro
610 3860 734 3917 libertate
751 3862 886 3917 canoniam
899 3860 954 3916 cle-
1002 3864 1037 3934 inv
1054 3877 1108 3932 qno
1129 3875 1219 3917 annus
1238 3877 1353 3932 nequem
1373 3861 1472 3916 dicitur
1492 3861 1527 3918 ιιι
1542 3863 1649 3945 imperii
1693 3865 1792 3922 Circo.

161 3927 261 3985 minois
274 3941 449 4002 pugnaretur.
1003 3943 1068 3987 torn.
1083 3933 1102 3993 l,
1118 3931 1137 3985 l.
1156 3947 1187 3996 n,
1205 3946 1230 3986 c.
1244 3933 1271 3998 3,
1290 3947 1318 4002 p.
1334 3930 1412 4003 ιιι),
1426 3933 1533 3987 tametsi
1546 3932 1606 3989 alins
1620 3935 1647 3990 in
1660 3934 1792 4010 diploma-

196 3997 356 4055 dlaudatae
377 4002 577 4057 constitutionis
595 4014 655 4071 cup.
671 4001 683 4053 l
698 4001 769 4070 quod
788 4000 953 4055 Francorum
1002 4002 1083 4066 tibus,
1101 4009 1131 4055 ut
1150 4002 1223 4055 idem
1238 4003 1373 4066 observat,
1444 4001 1471 4055 ni
1487 4003 1550 4057 anni
1570 4015 1747 4060 secernuntur
1758 4006 1793 4061 ab

161 4082 257 4138 remur
283 4072 449 4140 temporibus
475 4072 561 4141 magis
583 4071 709 4130 conducit
731 4086 813 4140 quam
838 4068 952 4140 Augusti
1003 4074 1080 4126 annis
1104 4070 1220 4142 imperii.
1245 4071 1342 4140 Pagina
1358 4017 1573 4147 ptrffuraronm
1594 4088 1656 4130 eum
1680 4076 1793 4131 eruditis

150 4133 289 4203 aaronis,
308 4147 338 4194 ιιι
351 4149 434 4209 patet.
521 4166 523 4168 >
1002 4141 1108 4197 caeteris
1131 4141 1310 4206 consentiunt,
1332 4139 1484 4197 Germanici
1509 4149 1614 4198 tautum
1637 4145 1793 4216 scriptores,

199 4207 322 4276 tmusd.
337 4213 445 4265 constit.
463 4211 721 4283 caplaliquatenus
737 4217 766 4265 ut
783 4213 880 4265 ‘caetera
904 4211 953 4263 im·
1002 4226 1071 4281 quos
1090 4220 1162 4267 uerte
1185 4210 1250 4265 latet
1267 4210 1370 4267 indoles
1384 4210 1532 4282 imperialis
1543 4212 1681 4287 dignitatis
1691 4216 1726 4268 ab
1747 4229 1792 4287 ap.

162 4286 306 4344 mutatum,
330 4281 462 4336 sententia
478 4280 589 4336 intacta.
605 4281 670 4347 Quae
688 4281 739 4335 tria
751 4277 839 4349 capita
857 4279 953 4349 siquis
1002 4281 1067 4336 sede
1079 4282 1295 4337 instauratae'seu
1307 4280 1447 4348 institutae,
1463 4295 1542 4338 secus
1555 4283 1685 4340 sentiunt.
1697 4303 1713 4334 τ

162 4353 264 4401 attente
282 4349 426 4405 contulerit
450 4365 512 4405 eum
535 4351 649 4406 historia
670 4363 763 4406 eorum
788 4360 950 4420 temporum,

404 4627 483 4701 1⁶5
508 4640 841 4720 utsstattrnrtu
873 4641 935 4716 DE
962 4638 1261 4718 utututututa
1289 4641 1499 4722 nantuel
1529 4645 1561 4722 1.

209 4934 216 4947 .
232 4893 390 4961 Quanquam
409 4887 475 4944 mibi
488 4885 582 4942 videor
596 4883 756 4955 patefecisse
768 4884 858 4955 magni
872 4883 949 4941 Otto-
961 4892 986 4953 u
999 4882 1072 4954 plum
1087 4880 1144 4938 lere
1155 4887 1207 4946 est,
1221 4877 1345 4935 nonnihil
1359 4879 1500 4937 disseram.
1517 4881 1597 4937 Anno
1614 4881 1697 4953 igitur
1709 4884 1789 4953 impe

160 4964 204 5020 uls
218 4963 372 5034 diplomate,
392 4973 475 5031 quam
493 4955 589 5012 mutilis
602 4955 755 5011 Catulum
774 4970 810 5010 no
822 4955 948 5026 princeps
1002 4953 1035 5007 ιιι
1054 4953 1139 5008 altem
1150 4965 1182 5006 ca
1194 4957 1343 5032 euenerunt
1360 4948 1463 5034 liorem,
1482 4966 1542 5022 qum
1561 4950 1622 5020 jure
1642 4966 1675 5008 ac
1693 4953 1790 5008 merito

159 5036 187 5090 io
201 5043 241 5090 tot
258 5033 394 5100 tantisque
415 5026 569 5099 apostolieae
582 5025 655 5081 sedis
669 5036 750 5096 atque
776 5025 948 5081 talaeomois
1001 5023 1099 5078 iratum
1117 5020 1266 5091 principem
1284 5034 1311 5075 ιιι
1332 5016 1432 5076 Urbem
1446 5029 1544 5076 aterum
1557 5031 1713 5077 evocarunt.
1733 5021 1790 5077 linc

158 5103 296 5168 aeromois,
310 5117 345 5158 en
360 5099 503 5156 Germama
517 5096 666 5153 accersitus
678 5096 714 5151 sit
730 5096 853 5160 llomaru,
867 5101 948 5164 atquc
1000 5092 1110 5163 quidem
1129 5090 1272 5147 occasione
1284 5104 1346 5145 eum
1366 5090 1571 5147 communicatae
1585 5091 1637 5148 sibi
1648 5091 1791 5162 potestatis

158 5173 291 5245 imperiali
304 5171 454 5227 diademate
473 5183 489 5222 a
511 5167 640 5237 pontifice
655 5165 795 5221 redimitus
816 5180 948 5236 supremae
1000 5161 1100 5218 limites
1111 5159 1307 5216 transcendisse
1319 5175 1380 5214 cum
1391 5175 1481 5226 causa,
1493 5160 1604 5217 annales
1618 5162 1725 5227 docent,
1739 5175 1791 5218 nee

157 5260 216 5301 suae
236 5241 378 5314 potmtans
394 5253 507 5296 consors
525 5238 622 5303 laetus,
639 5245 667 5291 et
684 5236 805 5292 ccclesiae
823 5234 949 5290 defensor
1000 5241 1093 5290 nostra
1103 5239 1145 5288 est
1156 5247 1172 5286 a
1183 5245 1244 5287 ven.
1258 5231 1324 5286 card
1335 5229 1451 5285 baronio
1465 5230 1601 5312 recedere,
1612 5242 1641 5287 ιιι
1670 5246 1790 5315 ampon-

158 5320 342 5371 cunstitutns:
357 5310 421 5380 quia
439 5319 529 5365 tamen
542 5308 641 5378 ipsein
655 5307 705 5362 lmc
718 5320 816 5378 magno
825 5306 948 5375 principe
1000 5303 1066 5359 tilex
1080 5301 1237 5358 adolescens
1250 5299 1433 5371 imprudenter
1444 5307 1537 5371 gesat,
1557 5309 1651 5383 contra
1686 5311 1789 5356 asturam

157 5382 343 5451 iurisconsulti
363 5379 518 5437 Germanici
541 5387 581 5433 tot
601 5376 750 5432 falsitatum
772 5377 948 5431 laudamento
999 5374 1152 5431 castimtem
1167 5380 1300 5427 tueamur.
1313 5370 1422 5425 Summa
1439 5378 1481 5426 cst
1491 5369 1789 5440 ponttlieemloanneut

158 5469 259 5526 ponere
278 5468 333 5508 oon
355 5457 493 5515 verentur,
506 5450 721 5517 operaepretium
735 5456 788 5512 est,
801 5462 861 5516 quae
872 5445 948 5501 brevi
999 5443 1159 5515 depositum,
1181 5456 1214 5497 ae
1234 5439 1353 5494 leonem
1374 5439 1430 5495 llll
1442 5439 1699 5525 pseudopontillcem
1713 5454 1789 5496 crea·

157 5526 303 5583 amodum
328 5537 453 5578 sermone
475 5519 606 5591 principio
625 5518 715 5588 operis
734 5517 873 5588 amplexus
887 5531 947 5571 sum
1000 5523 1056 5570 tum
1067 5513 1172 5569 luisse:
1188 5520 1285 5567 caetera
1304 5509 1429 5565 huenen
1450 5518 1583 5582 spectant.
1607 5510 1656 5567 lar
1668 5519 1720 5567 rste
1738 5525 1789 5565 nec

158 5595 251 5666 (Prel.
268 5611 297 5650 n.
312 5593 324 5645 l
342 5592 413 5665 seq.)
433 5591 572 5662 aliquanto
595 5587 684 5643 lusius
704 5588 849 5658 explicare,
872 5595 949 5642 ante-
999 5586 1051 5641 rite
1065 5585 1097 5640 acl
1111 5590 1215 5639 tantum
1228 5579 1364 5651 lastigium
1375 5586 1493 5661 evectus,
1510 5595 1597 5651 neque
1611 5581 1666 5638 ulla
1678 5579 1789 5708 pollens

159 5679 241 5730 auara
260 5667 293 5720 de
315 5662 425 5718 ilenrici
446 5660 600 5731 diplomate,
618 5656 689 5732 quod
702 5656 839 5714 0ttooiaoi
855 5669 947 5712 exem·
999 5654 1161 5711 auctoritate
1182 5650 1349 5708 sanctionem
1369 5648 1462 5714 edidit,
1487 5664 1569 5721 quarn
1583 5665 1619 5710 ex
1638 5651 1677 5710 Co
1697 5691 1705 5707 .
1726 5649 1787 5716 lul·
