4050 6192
126 378 171 434 iii
201 375 275 434 COD.
295 373 383 431 niet.
404 405 439 416 -
458 374 605 442 bened,
626 376 716 443 ETC„
742 373 808 432 SEU
828 369 943 429 CODEX
962 369 1170 429 CAROle'US.
1189 399 1224 412 --
1243 372 1318 429 ΕΡΡ.
1338 368 1655 430 tantane-llum
1693 366 1747 424 278

124 497 235 554 ianuar
257 492 392 550 monacho
419 492 616 565 Eugeiismensi
643 494 696 550 bne
716 493 813 549 afferre
833 508 901 547 non-
915 494 937 552 Α
953 489 998 545 tiri
1009 499 1061 546 est.
1079 489 1194 546 Perinde
1204 490 1232 545 in
1246 507 1295 548 sex
1313 492 1469 564 Campaniae
1489 489 1647 546 civitatibus
1662 488 1750 544 donni-

126 568 262 635 nullaque
288 572 412 634 spectum
430 564 464 620 ad
484 574 636 620 extremum
659 566 722 620 aurai
741 564 794 618 lit
811 572 839 618 et
854 578 899 618 se·
952 569 1047 616 natum
1062 575 1123 617 esse
1140 561 1308 633 pontideem,
1327 562 1449 634 epistole
1471 562 1552 629 bnjus
1575 560 1676 618 oodieis
1693 577 1749 618 non

124 636 216 709 quentis
232 634 328 718 adria,
357 636 402 705 qui
424 650 457 705 pe
470 650 531 704 qaae
547 634 591 718 ⁸¹9.
608 651 663 718 ¹.¹¹.¹⁰
687 644 791 720 paritum
809 634 902 718 legato
952 632 1059 688 docem
1072 631 1606 761 ⁸³mm‘'nwwigss'ffplgpffissqquae
1618 631 1691 758 ganto?
1708 634 1750 758 alin

124 716 727 858 ffiffffldempnlexexitzdmbffirzigmniri
746 705 901 832 fflffiffig
951 702 1051 856 είιὲἓιξῗιιΓ
1067 703 1406 856 δξιξιιυξιιῗιθῐέιοὲιῃιῐιὶιιιιιιυιιι
1429 743 1569 856 llrlelitatis
1587 717 1750 853 pprasnffiso

125 848 187 904 tilla
211 847 247 902 lbi
275 855 350 901 vemt
377 846 412 901 ad
429 861 493 901 eum
522 846 622 902 missos
646 847 738 903 domni
759 846 901 918 apostolici
952 843 1083 914 pentulina,
1101 860 1148 915 qm
1170 858 1227 899 rem
1241 844 1340 900 Carolo
1359 843 1495 900 nuntiarit
1514 844 1558 900 bis
1571 842 1744 899 rerbrszlia·

124 917 219 974 Adriani
236 917 333 973 Petrus
356 931 494 997 periurare
515 932 602 987 usqne
625 915 774 981 brelatum.
793 916 902 973 atinde
952 929 1057 984 pennos
1077 915 1103 969 in
1122 914 1292 997 mulessiope
1310 914 1478 997 protectoris
1488 915 1574 997 uestri
1588 913 1661 970 beuti
1675 913 1751 995 Petri

125 999 277 1059 perterrarn,
294 987 457 1043 etinritant
468 987 616 1056 gloriosum
630 1003 721 1059 regem
739 997 766 1043 et
780 987 902 1043 Francos
952 985 1136 1056 apostolorum
1155 1001 1285 1055 prrnerprs
1306 1000 1400 1054 prrare
1415 984 1539 1050 lecturus,
1561 1002 1588 1040 ιιι
1606 982 1659 1039 lade
1679 1000 1752 1051 epus·

124 1057 902 1186 audiitafilaebilbmddbllid
952 1056 1081 1196 311ιὲξὲ
1102 1055 1750 1184 ltiilal‘dtiialliliid‘diilllll

125 1200 195 1263 reait,
212 1144 437 1268 qntffimnn
449 1145 547 1255 caiisa
571 1168 678 1255 luerent
690 1200 741 1255 riae
764 1201 902 1281 abonge-
952 1212 1068 1280 quarum
1083 1142 1267 1280 irapfflmrrtgrrn
1286 1196 1370 1280 reiert
1388 1197 1561 1253 blabilionius
1580 1212 1614 1253 er
1633 1167 1750 1279 authenz

123 1271 211 1326 bardis.
226 1269 261 1324 Et
281 1268 438 1353 praecelsus,
449 1285 496 1324 rex
519 1269 633 1326 Carolus
659 1281 768 1353 sumpto
787 1271 902 1353 eopsriin
953 1275 1008 1323 troo
1022 1267 1201 1350 Dionysiam),
1219 1284 1246 1323 m
1266 1268 1381 1350 pbybra·
1399 1267 1550 1368 (διιρμζειιι.
1570 1267 1606 1322 ud
1631 1266 1748 1393 ”w

124 1355 168 1394 uua
183 1355 242 1396 eum
263 1339 375 1396 francis
393 1340 457 1410 quud
475 1347 576 1411 ageret,
593 1341 901 1411 promrsrtseaurrbum
952 1353 1015 1408 pag.
1029 1336 1085 1410 70).
1100 1337 1207 1392 Etenna
1221 1346 1398 1408 praecaeteris
1412 1338 1470 1394 bae
1490 1338 1527 1393 rin
1542 1345 1637 1392 narrat
1700 1338 1750 1394 Ca·

33 1429 36 1434 ·
123 1409 240 1466 Romanis
266 1410 455 1480 prebitururu.
480 1430 490 1463 ι
514 1410 638 1466 lotidem
652 1409 709 1467 lere
733 1413 823 1467 verbis
839 1426 903 1467 curn
952 1408 1065 1479 piranis,
1085 1426 1095 1458 ι
1119 1415 1243 1477 petentes
1256 1409 1337 1465 uobis
1355 1408 1505 1465 beatissimi
1526 1407 1601 1463 Petri
1621 1416 1649 1463 et
1662 1408 1749 1464 raostrl

123 1482 240 1536 rarietate
259 1480 350 1549 aliqua
373 1485 431 1535 reru
454 1485 566 1536 damant
578 1496 649 1553 sepe
667 1483 767 1539 laudati
783 1481 903 1537 mantes
953 1486 1045 1533 essent
1064 1476 1272 1546 subiectisieut
1291 1494 1340 1549 por
1363 1479 1538 1535 donationem
1558 1478 1751 1549 praepollentis·

123 1551 240 1607 iuncor-
253 1550 286 1605 ad
299 1566 345 1604 an.
366 1551 448 1616 775„
953 1549 1015 1604 sinai
1030 1548 1132 1604 donnini
1161 1549 1233 1620 regis
1251 1549 1336 1616 apriti
1364 1560 1444 1615 sunt;
1468 1570 1478 1603 ι
1503 1563 1589 1620 quare
1607 1550 1752 1606 eonsilium

151 1620 230 1677 Hb
249 1620 372 1703 Longum
398 1630 472 1678 esset
492 1623 658 1691 posteriores
679 1623 859 1694 chronologos
875 1631 904 1678 et
954 1621 1022 1690 petit
1033 1635 1098 1674 nuru
1113 1629 1314 1675 sacramentnm
1326 1621 1448 1691 recipiat,
1470 1620 1574 1676 neena?
1591 1620 1664 1746 quod
1677 1630 1750 1690 post·

122 1692 247 1747 annalium
268 1699 415 1761 scriptores
426 1693 478 1748 bae
493 1693 527 1748 de
541 1706 570 1746 re
585 1693 611 1747 lo
649 1695 764 1750 antesin
781 1694 903 1750 testimo·
954 1688 1590 1747 rarodurnreeeiisseaudirirnns.brattoantnn
1609 1699 1751 1761 rapinum

123 1762 186 1816 aian
209 1762 354 1818 audoene.
374 1761 441 1817 lllnd
456 1772 563 1820 eertum
584 1765 660 1828 mid,
681 1774 763 1833 atque
779 1764 904 1834 explera-
954 1760 1108 1814 litterarum
1130 1706 1182 1830 bl
1235 1761 1375 1832 blaginarii
1400 1762 1481 1818 unius
1504 1777 1537 1817 er
1556 1762 1646 1818 missis
1670 1761 1753 1834 regiis

123 1841 171 1886 nun
190 1842 244 1897 est,
279 1831 345 1887 nulli
376 1847 495 1903 nuquam
527 1833 690 1903 scriptorum
712 1842 833 1890 veterum
857 1850 903 1889 ro·
919 1842 941 1904 p
955 1830 1184 1902 (immeabili.
1234 1840 1394 1888 neronianae
1404 1832 1466 1888 ildei
1480 1833 1615 1888 leuitatem
1630 1833 1754 1903 amorei-

122 1902 186 1960 triste
206 1904 232 1957 in
251 1911 379 1967 utentem,
401 1911 432 1959 nt
450 1904 624 1960 satietisnmo
637 1905 759 1974 pontilari
783 1903 903 1960 bdriauo
956 1915 1028 1964 rrius,
1054 1902 1101 1971 qui
1126 1902 1208 1971 regiis
1226 1901 1293 1971 ipsis
1309 1903 1400 1958 missis
1428 1902 1540 1958 insidias
1564 1911 1671 1958 struere
1696 1918 1752 1958 uon

124 1971 330 2042 regiqueilarolo
343 1973 444 2043 pietate
456 1974 603 2057 eonspieuo
617 1976 700 2030 talem
711 1984 803 2030 notam
815 1975 906 2029 inure-
956 1971 1124 2036 dubitarunt,
1135 1980 1163 2028 et
1179 1990 1188 2022 r
1208 1972 1268 2027 illas
1279 1973 1403 2028 civitates
1413 1988 1481 2043 quas
1498 1980 1593 2029 mureto
1607 1973 1698 2037 Petro,
1710 1972 1753 2028 rel

123 2052 167 2098 tet
184 2044 365 2111 Quamobrem
378 2053 494 2114 uterque
501 2045 682 2102 rmdieandus
696 2046 761 2101 milri
778 2045 831 2100 erit
841 2061 905 2101 oon·
956 2040 1215 2111 dornaoapostotieo
1231 2042 1362 2107 donastis,
1379 2044 1434 2098 illis
1449 2043 1533 2099 relax.
1546 2042 1657 2098 ..nullo
1670 2043 1752 2100 modu

123 2120 158 2166 tra
174 2114 268 2183 nuperi
283 2113 426 2170 annalistae
439 2115 604 2185 opinionem,
618 2132 671 2187 qua
685 2117 777 2173 neseio
797 2132 832 2172 an
853 2116 906 2171 alin
956 2120 1075 2167 rostram
1090 2109 1242 2181 Jrrssionem
1272 2113 1409 2183 complere
1439 2114 1582 2180 solemn
1607 2129 1667 2183 qnae
1696 2129 1750 2168 uon

123 2184 268 2238 eralibilior
279 2185 417 2254 propinari
437 2193 593 2255 poteratur
603 2187 715 2244 Adriani
730 2186 907 2256 epistolarum
957 2182 1043 2238 nrnltrn
1056 2192 1119 2239 ante
1138 2182 1298 2254 predonum
1313 2193 1513 2240 sacramentum
1534 2190 1683 2241 euenerant
1696 2182 1752 2254 (ep.

124 2254 266 2309 internatae
275 2263 421 2309 necaretur
431 2256 458 2310 in
469 2255 580 2310 dubium
591 2257 740 2312 dourinatio
749 2257 907 2327 pontillemn
958 2252 1007 2316 eu,
1018 2252 1054 2307 al.
1071 2252 1128 2324 92).
1143 2253 1313 2322 Quapropter
1335 2254 1476 2310 civitatum
1499 2255 1612 2310 istarum
1630 2255 1752 2310 rionario·

124 2323 249 2379 rdnrute
264 2325 425 2395 populorum
450 2335 559 2396 nepta,
584 2342 628 2382 nm
648 2328 744 2397 nisque
762 2337 842 2382 aucta
866 2328 907 2381 in·
958 2338 1020 2380 nem
1035 2338 1112 2393 aeque
1129 2333 1233 2380 eertarn
1245 2339 1306 2380 esse
1328 2324 1407 2380 rideo
1424 2334 1506 2395 atque
1518 2341 1612 2381 earum
1627 2324 1754 2390 Tuseiae3

123 2395 260 2451 eruentis
277 2411 293 2450 a
313 2395 420 2466 regibus
438 2395 605 2452 Franeonrm
627 2343 741 2468 {ippum
759 2406 786 2453 et
798 2396 906 2453 Catulo.
958 2402 986 2448 at
996 2409 1080 2449 nnana
1094 2395 1273 2464 earundemque
1285 2392 1482 2466 subjectionem
1494 2394 1615 2466 pontibel
1628 2395 1757 2465 utrinque

124 2463 250 2536 Exemplis
259 2465 382 2536 planiora
398 2467 456 2523 bare
471 2467 546 2522 beat.
560 2467 600 2522 Ea
620 2484 702 2539 snpra
725 2469 834 2524 laudata
853 2467 909 2537 epi·
958 2463 1095 2522 adirmare
1108 2480 1162 2520 non
1177 2480 1277 2520 aaszm.
1296 2465 1395 2523 Tuscia
1411 2467 1512 2522 errima
1530 2466 1628 2524 carolo
1642 2467 1756 2522 suliaetu

124 2534 182 2589 stola
204 2533 260 2604 (55.
287 2536 325 2590 al.
338 2533 385 2608 60)
400 2552 482 2607 queam
500 2537 579 2592 initio
602 2540 666 2595 arani
686 2539 739 2594 776
756 2538 910 2595 certissime
959 2535 994 2591 ab
1015 2549 1103 2607 eoque
1124 2537 1236 2592 omrrino
1249 2536 1379 2606 pendens,
1396 2537 1525 2594 continuo
1543 2547 1605 2607 post
1627 2538 1754 2593 donnatio-

124 2606 240 2676 scripum
265 2607 313 2663 laic
323 2617 421 2664 naetor
439 2617 541 2663 temere
554 2609 659 2664 distulit
677 2611 712 2665 ad
731 2611 792 2674 i8li,
809 2617 909 2679 praeter
960 2620 1053 2660 neura
1069 2605 1198 2676 pontilloo
1220 2620 1345 2677 possessa
1369 2606 1479 2670 luit‚n
1535 2607 1643 2678 idqnam
1659 2617 1756 2663 eontra

125 2674 211 2732 indicia
228 2677 274 2731 illa
293 2677 407 2733 minime
434 2679 514 2735 drdria
543 2679 675 2749 pontilieii
702 2680 857 2735 dominatus
882 2679 909 2734 in
960 2676 1057 2731 allatas
1071 2676 1200 2746 epistolas
1217 2677 1320 2732 nitente
1340 2677 1484 2733 annalista.
1524 2678 1758 2749 tdeCampanie

126 2744 197 2806 lirbe.
223 2746 501 2804 testiinoniumralde
522 2759 645 2820 apertum
663 2751 782 2821 suppetit
805 2750 911 2806 roseta
961 2746 1118 2803 civitatibus
1131 2762 1210 2803 secan
1224 2746 1274 2802 brit
1291 2762 1429 2819 :eantque
1448 2748 1467 2802 ii
1488 2749 1623 2818 principes
1638 2762 1757 2818 presen-

124 2813 328 2888 taegnnrdiee
347 2826 442 2874 saneto
458 2818 539 2874 Petro
556 2821 663 2876 donatae
683 2836 699 2874 a
717 2819 814 2877 Carolo
839 2831 911 2875 anno
963 2825 1018 2871 tem
1030 2816 1158 2873 Carnium
1179 2826 1332 2874 metuentes
1350 2819 1441 2876 onmia
1463 2828 1526 2874 sunt
1546 2819 1676 2890 polliciti3
1694 2826 1757 2890 poti

124 2884 253 2943 illerum
277 2889 396 2958 primum
415 2889 528 2944 Romam
554 2891 643 2955 verrit,
659 2898 688 2946 et
704 2891 843 2947 donationi
864 2906 911 2961 pa·
962 2885 1195 2956 ejusdiseessum,
1210 2904 1264 2944 nnn
1278 2890 1359 2944 uredo
1377 2886 1532 2945 fefellerunt
1551 2890 1695 2960 promissa,
1709 2888 1757 2945 sed

124 2958 168 3012 nis
190 2958 231 3013 sui
251 2960 414 3015 instaurata
437 2961 574 3041 propriam
593 2961 701 3030 arijeeit,
727 2962 912 3032 rnajrrremqne
963 2957 1147 3028 regiosetiam
1166 2959 1264 3016 missos
1281 2958 1385 3015 insidiis
1399 2970 1492 3030 petere
1505 2961 1564 3016 ausi
1578 2960 1759 3016 arinncarolo

123 3028 153 3106 agl
176 3029 345 3084 soliditatem
369 3038 460 3100 posuit
487 3045 569 3102 supra
599 3047 698 3103 eorpus
728 3032 801 3088 beati
826 3030 910 3088 Petri.
964 3027 1467 3110 ipitnrdonatinnerusuamacerrime
1480 3030 1629 3087 uindicanti
1646 3040 1759 3101 aposlo-

124 3094 182 3152 bam
192 3099 316 3169 pontifex
326 3098 430 3155 Clusini
447 3101 524 3156 duris
539 3102 695 3158 invasiones
706 3117 824 3172 querens
837 3102 864 3157 in
878 3118 909 3158 ea
964 3097 1024 3155 bem
1034 3099 1091 3155 sedi
1103 3108 1209 3171 turpiam
1220 3110 1312 3157 notam
1328 3101 1447 3156 illusoris
1460 3101 1567 3157 inurere
1584 3109 1627 3157 est
1643 3101 1761 3174 indigni·

122 3170 263 3248 prouincia,
290 3185 373 3224 urrarn
387 3183 421 3225 ex
443 3170 547 3227 luscize
562 3172 720 3230 civitatibus
739 3173 857 3244 appellat
872 3175 948 3252 σι’-(ν
965 3177 1008 3225 tas
1028 3185 1082 3225 non
1099 3170 1220 3226 ferenda.
1241 3172 1280 3227 lie
1295 3171 1415 3226 Adriano
1433 3187 1499 3227 uero
1513 3172 1591 3242 errjns
1609 3172 1722 3229 consilia
1733 3180 1761 3228 ot

123 3249 215 3294 maten
227 3251 350 3295 neuram
362 3239 468 3296 Castalii
483 3240 641 3298 Felicitatis.
649 3243 808 3312 lirrjnsurodi
818 3252 909 3299 autem
939 3233 948 3254 ¹
964 3247 1044 3309 pacta
1059 3256 1120 3296 eum
1133 3242 1231 3298 Carole
1246 3257 1297 3312 pro
1318 3242 1486 3297 deturbando
1506 3242 1647 3299 Desiderio
1660 3257 1676 3299 e
1690 3242 1759 3298 solio

123 3306 289 3366 tbmdoneru
301 3310 451 3366 illusoriam
464 3312 515 3368 iste
529 3327 591 3368 esse
610 3315 750 3370 contendit
777 3331 821 3369 an.
834 3313 909 3385 788),
962 3310 1096 3378 naaiomm
1117 3312 1293 3381 deplorantur
1305 3312 1416 3377 amissa,
1431 3328 1516 3367 murm
1538 3314 1565 3370 id
1583 3313 1660 3378 dieo,
1686 3313 1759 3383 quod

120 3390 278 3461 praepostere
307 3381 445 3451 accipiens
470 3383 612 3452 epistolam
641 3386 687 3450 89,
707 3384 743 3439 al.
803 3385 910 3454 ,qrmsi
960 3388 1038 3437 tauto
1058 3382 1179 3452 pontiliei
1196 3382 1329 3450 insignem
1344 3385 1413 3439 adeo
1430 3381 1557 3453 injuriam
1579 3382 1763 3453 eorrjeetande

121 3447 250 3508 Adrianus
270 3459 333 3506 oret
347 3466 438 3521 regem
456 3467 489 3508 eo
502 3469 583 3518 anno,
597 3469 694 3524 nempe
706 3455 910 3525 quartodecimo
960 3460 1066 3507 turitum
1081 3450 1181 3509 inferre
1194 3453 1353 3510 inlrulatoris
1365 3461 1417 3518 est,
1432 3470 1485 3510 riou
1498 3454 1632 3510 bistoriei.

120 3529 175 3641 post
188 3522 376 3586 donationem,
389 3523 510 3594 111313
525 3524 576 3579 sibi
593 3526 825 3594 persuosmissos
839 3526 909 3581 tradi
997 3522 1105 3578 xxxii.
1130 3522 1285 3594 Antequam
1313 3539 1443 3580 recenseo
1469 3526 1542 3581 isus
1568 3524 1699 3596 epistolas
1722 3537 1759 3579 ex

130 3591 195 3646 neiat
216 3592 345 3662 singulas
359 3592 464 3648 Tuseirn
483 3594 619 3651 ciuitates.
644 3594 665 3648 F
667 3596 803 3650 uisitatem
826 3596 911 3650 inter·
960 3593 1062 3661 quibus
1081 3594 1134 3649 bue
1147 3609 1233 3665 usque
1246 3594 1318 3650 dieta
1333 3593 1455 3665 planiora
1486 3605 1548 3662 ent,
1561 3597 1594 3652 de
1616 3594 1762 3651 Sebltrensi

120 3663 273 3736 pretatinais
286 3663 413 3744 detegent
423 3662 544 3733 epistolae
555 3666 636 3720 rerba
651 3683 682 3719 :r
707 3666 797 3721 llissis
810 3665 911 3722 restris
961 3663 1102 3720 territorio
1135 3666 1188 3720 uod
1203 3674 1279 3721 certe
1297 3665 1432 3737 integrum
1459 3676 1553 3723 saneta
1571 3668 1650 3722 sedes
1667 3679 1761 3737 pusse-

121 3729 228 3802 dnigere
239 3731 401 3815 dignemini,
423 3743 453 3788 ut
476 3734 550 3790 nullo
563 3736 643 3791 modo
656 3736 692 3792 ad
717 3751 766 3792 ros
788 3752 911 3792 remeare
960 3734 1000 3815 dit
1009 3749 1043 3789 et
1053 3680 1143 3789 (larnai
1158 3735 1320 3791 iiberalitate
1331 3744 1395 3817 post
1410 3736 1527 3793 alterum
1538 3736 1597 3806 ejus
1610 3738 1759 3792 adrentum

120 3800 238 3878 mdmnt,
253 3818 309 3858 nrsr
323 3817 400 3872 prius
413 3804 464 3860 sub
479 3805 634 3877 integritate
648 3806 775 3864 ciuitates
796 3808 824 3862 in
848 3822 910 3877 par·
961 3820 988 3859 tn
1003 3803 1118 3869 ltaliam,
1139 3803 1261 3860 nourribil
1277 3806 1420 3874 subpieiam
1444 3816 1562 3877 oportet.
1579 3808 1687 3862 Eterrirn
1710 3821 1760 3860 an-

122 3871 186 3927 nius
204 3873 413 3934 lieoeventauis,
440 3875 573 3932 sieuters
596 3887 779 3946 ponteseram
803 3893 909 3934 sacram
960 3873 1183 3943 nalista,pr.nter
1208 3875 1360 3930 litterarum
1378 3877 1582 3941 inversionem,
1603 3893 1655 3945 qua
1672 3876 1759 3932 bisto-

121 3937 278 3998 obiationem
293 3942 374 3997 beato
386 3943 466 4000 Petm
476 3955 503 4000 et
516 3947 595 4001 uobis
606 3948 770 4014 contulistis,
781 3949 808 4003 in
823 3948 911 4003 oriani·
961 3943 1201 4000 narrraaubridieule
1242 3947 1389 4017 respuitur,
1397 3946 1524 4001 dilemma
1532 3948 1603 4003 istud
1614 3945 1758 4016 projicitin

120 4010 165 4062 bos
176 4012 340 4068 rnntrmlere
354 4014 470 4079 ualeant,
485 4023 513 4070 et
522 4015 643 4084 justitias
664 4018 697 4073 de
714 4016 862 4088 Populonio
882 4026 910 4073 et
961 4015 1095 4070 medium:
1112 4013 1187 4070 «bnt
1222 4014 1363 4071 abinanon
1378 4025 1514 4073 erattune
1530 4017 1661 4088 temporis
1676 4016 1758 4072 indi-

121 4077 227 4138 Rnsellis
246 4083 328 4138 nobis
353 4082 443 4140 lacere
475 4088 525 4142 sub
555 4085 713 4159 integritate
739 4088 906 4144 studeant.»
961 4085 1034 4140 titane
1058 4084 1171 4141 annani
1196 4087 1343 4156 pontilicis,
1356 4088 1419 4158 quia
1443 4089 1470 4143 in
1495 4088 1595 4145 rlrreatn
1610 4086 1761 4158 Spoletano

120 4151 247 4208 Adrianus
256 4154 341 4225 igitur
355 4155 511 4218 civitatum,
526 4172 596 4226 quas
618 4173 705 4228 nuper
720 4159 835 4213 donarat
855 4157 908 4212 Ca·
960 4155 1303 4226 eernprebendebatur,arrt
1312 4157 1336 4213 si
1347 4159 1494 4214 aRonrauo
1504 4159 1757 4228 dnoarupendebaa,

121 4220 261 4279 relusan·e
275 4240 356 4279 surum
368 4226 478 4281 tertium
489 4243 524 4284 ex
535 4227 611 4283 ltalia
622 4229 781 4294 disdessmn,
792 4244 836 4283 an.
846 4228 907 4295 787,
960 4227 1102 4283 enelarius
1115 4235 1257 4297 appareret
1267 4229 1423 4299 pontilleem
1440 4244 1528 4299 neque
1544 4230 1647 4294 Rome,
1670 4244 1760 4298 neque

121 4293 225 4372 tterdmn
240 4295 294 4350 sibi
309 4295 416 4351 trarbtn
429 4295 546 4363 fuerant,
564 4300 763 4367 pussessionem
783 4300 853 4355 inire
863 4315 911 4354 eu-
960 4295 1021 4364 eius
1032 4298 1147 4353 dunatus
1159 4296 1299 4353 doruinum
1314 4309 1372 4355 tum
1385 4298 1479 4356 luisse.
1496 4320 1506 4353 ι
1523 4300 1577 4356 Sed
1600 4301 1757 4371 argumenti

144 4371 213 4434 iper
224 4366 317 4436 regins
330 4365 438 4432 missos,
452 4383 567 4437 qnorum
581 4370 645 4424 item
659 4369 761 4424 arniba
772 4385 830 4434 res,
849 4381 910 4439 quae
961 4376 1077 4438 utraque
1088 4383 1152 4439 pars
1166 4368 1285 4434 carrium
1302 4386 1364 4426 nam
1377 4369 1504 4442 usquein
1516 4369 1663 4442 Spoletauo
1676 4371 1760 4427 mea-

161 4503 167 4515 ·
187 4436 252 4490 lonii
267 4436 474 4493 etRosellarunr
486 4440 651 4508 possessioni
665 4441 777 4511 integra
787 4440 908 4505 deerant,
962 4446 1008 4503 tu,
1029 4439 1154 4508 usquein
1165 4437 1325 4495 Romanoid
1336 4441 1505 4496 territorium
1527 4440 1555 4496 in
1572 4441 1760 4496 monumentis

120 4501 262 4562 abunereo
284 4515 335 4561 tat.
350 4507 389 4563 De
410 4510 618 4566 eeterisautern
634 4510 741 4567 Tuseim
754 4512 909 4568 ciuitatibus
960 4519 1082 4565 veterum
1105 4509 1235 4565 occurrit.
1248 4510 1276 4564 ln
1292 4512 1376 4582 gestis
1389 4512 1528 4568 Zaebariae
1545 4513 1616 4582 apud
1641 4512 1759 4567 Anasta·

120 4571 182 4629 haud
194 4523 297 4659 simifia
309 4579 423 4647 quaerit;
447 4581 494 4636 sed
509 4579 633 4652 exemplo
650 4594 745 4636 earnm
761 4597 833 4637 anno
851 4544 1031 4649 januensium
1054 4590 1182 4634 narratur
1203 4578 1420 4638 Trasannrudunr
1446 4581 1549 4653 Spoleti
1572 4584 1669 4638 ducem
1693 4598 1759 4638 suos

120 4649 319 4724 qnanorleenno
343 4663 527 4718 possessarum
553 4654 649 4717 utitur,
664 4659 695 4706 ut
713 4650 909 4708 beneventanae
959 4650 1073 4720 populun
1088 4664 1273 4721 recuperasse,
1297 4651 1323 4707 id
1341 4660 1408 4708 esti
1426 4652 1602 4718 blarsieanos,
1627 4653 1759 4709 Foreoni·

120 4714 165 4794 nir
190 4719 337 4798 liniantur
355 4721 449 4800 eorem
477 4722 557 4777 modo
584 4721 754 4792 possidendae
775 4737 782 4778 t
805 4742 815 4773 ι
833 4722 911 4777 Sient
960 4737 1019 4782 nos,
1036 4720 1252 4785 delineasset
1270 4720 1429 4778 Piruaenses.
1446 4723 1548 4780 Deinde
1573 4724 1688 4794 inpressi
1707 4737 1758 4795 per

120 4790 280 4863 dimittitur}
291 4788 395 4845 Tusene
407 4791 547 4858 ciuitates,
561 4792 640 4848 idest
651 4792 757 4859 Suana,
773 4793 908 4859 Tuscana,
961 4791 1112 4847 sabinense
1127 4791 1294 4847 territorium
1306 4803 1439 4849 uenerunt
1455 4794 1483 4848 in
1499 4794 1642 4850 Reatinam
1655 4793 1755 4848 civita·

121 4849 230 4937 litterum
252 4869 282 4914 et
295 4858 394 4915 balneo
408 4861 499 4932 Regis,
519 4870 687 4934 eaeterasque
705 4865 829 4919 civitates
847 4879 910 4918 eum
961 4870 1026 4917 tem.
1040 4860 1092 4928 eui
1108 4861 1214 4917 Reatini
1235 4863 1365 4918 eorrtlnuo
1379 4872 1407 4918 et
1422 4864 1473 4934 ipsi
1492 4879 1523 4920 se
1540 4862 1729 4920 subdiderunt.
1746 4887 1755 4914 ι

120 4920 211 4983 annis
228 4937 259 4984 et
291 4930 435 4986 territoriis
454 4947 546 4987 earurm
565 4935 644 4990 beato
667 4933 747 4990 Petro
765 4931 911 4990 offerentes
961 4930 1078 4987 Elinira
1099 4947 1191 5004 regem
1214 4931 1455 5001 Langobardorum
1470 4934 1620 4990 reddidisse
1632 4933 1757 5003 pontillei

119 4998 310 5065 eurrdonostis,
340 5000 378 5054 ita
401 5001 429 5055 in
448 5016 481 5057 eo
500 5004 580 5059 modo
599 5005 764 5061 enitatesin
786 5004 910 5076 partibus·
964 5001 1137 5059 «sabinense
1150 5003 1352 5073 patrimonium,
1365 5007 1436 5074 quod
1447 5019 1496 5074 per
1506 5019 1593 5059 annos
1624 5018 1689 5075 rope
1708 5005 1759 5059 tri·

118 5062 313 5126 &mereins
324 5071 484 5128 mntradere
498 5075 576 5129 uoltis
590 5076 714 5146 protinus
733 5075 871 5132 laniatis·
960 5073 1035 5144 ginta
1049 5072 1139 5129 luerat
1153 5073 1283 5129 ablutum.
1307 5095 1317 5128 ι
1344 5075 1385 5130 do
1397 5074 1526 5130 Reatinos
1545 5075 1591 5144 qni
1611 5090 1654 5129 em
1677 5073 1758 5128 Sabi·

149 5137 244 5194 ml.
263 5139 371 5197 Clarius
389 5143 417 5198 id
439 5152 514 5214 patet
533 5158 567 5199 en
589 5147 785 5217 posterioribus
811 5146 910 5202 litteris
961 5144 1038 5199 renai
1052 5144 1191 5200 territorio
1207 5144 1338 5200 linitimos
1359 5144 1498 5214 Spoletani
1515 5143 1588 5213 jnris
1606 5159 1666 5200 esse
1681 5154 1759 5214 patet

119 5203 170 5274 (92,
183 5210 219 5266 al.
234 5209 293 5280 86),
317 5228 379 5268 narn
391 5212 490 5269 borum
502 5214 570 5269 nibil
592 5218 626 5273 ab
645 5217 679 5272 iis
697 5217 789 5274 missis
807 5216 909 5272 laetum
961 5231 994 5270 ex
1011 5216 1095 5284 getis
1116 5215 1211 5286 Stepb.
1229 5215 1272 5280 tlt,
1295 5216 1339 5272 ubi
1357 5217 1446 5286 agitur
1463 5216 1496 5271 de
1516 5215 1712 5285 (ibristopboro
1730 5223 1759 5269 et

117 5281 232 5346 etseait,
249 5297 381 5353 sequeeo
395 5284 502 5340 misisse
515 5287 598 5341 dnees
608 5303 672 5344 suos
687 5304 739 5342 nna
749 5304 810 5344 eum
827 5287 911 5359 regiis
962 5284 1059 5355 Sergio
1078 5285 1192 5340 Romam
1220 5286 1391 5342 uenientibus
1418 5301 1481 5343 eum
1515 5285 1602 5341 rnilite
1625 5284 1757 5341 adversus

116 5349 174 5431 diis
191 5353 302 5418 ruiss‘m
318 5355 366 5409 sed
393 5355 573 5412 rixeiritates
591 5373 653 5413 eum
675 5373 768 5414 aarum
789 5357 910 5413 claribus
960 5356 1161 5442 pseudopapam
1179 5354 1387 5413 Constantinum
1415 5375 1421 5413 :
1446 5375 1455 5409 r
1482 5371 1544 5412 eum
1568 5355 1707 5419 Reatinis,
1727 5364 1757 5410 et

116 5419 269 5500 ubbnmsse
299 5425 400 5493 absque
422 5439 517 5481 earum
549 5429 749 5484 habitatoribus
777 5447 784 5483 ε
812 5447 822 5481 ι
854 5427 910 5485 Nos
960 5425 1329 5553 {15lureoninleatque
1348 5428 1410 5484 aliia
1432 5426 1619 5498 Langobardis
1643 5424 1758 5481 detentus

117 5503 222 5561 quippe,
234 5495 421 5564 prosequitur,
437 5497 464 5550 iu
486 5512 581 5554 eorum
599 5499 726 5556 libertate
749 5514 910 5570 perraranen-
981 5494 1104 5568 pelotini.
1118 5515 1128 5548 ι
1142 5495 1198 5550 Etsi
1213 5497 1342 5567 distingui
1354 5498 1497 5554 rideantur
1508 5498 1535 5551 in
1548 5494 1759 5567 gestisddriani

117 5567 164 5620 las.
175 5563 252 5620 sient
265 5575 378 5622 oeteras
392 5567 517 5623 civitates
531 5569 558 5624 iu
575 5569 698 5639 partibus
708 5571 814 5626 Tusciae
831 5569 910 5625 donis
960 5567 1139 5636 subpriorem
1157 5564 1301 5621 adrentum
1318 5568 1426 5624 Cnmli:
1445 5585 1454 5618 r
1470 5563 1650 5637 Spoletini,et
1665 5561 1760 5621 Reati-

117 5634 213 5689 testn's
234 5649 330 5703 regere
348 5645 378 5692 et
441 5638 557 5693 beraare
577 5655 625 5696 eos
649 5643 781 5712 capimus,
800 5655 909 5696 omnem
960 5639 1006 5703 ni,
1025 5644 1053 5692 et
1082 5635 1213 5706 aliquanti
1231 5651 1325 5693 eorum
1345 5638 1424 5694 utiles
1451 5652 1592 5710 personae,
1608 5647 1756 5708 antequam

115 5713 206 5784 Qun
239 5705 372 5786 lpbentae
410 5723 498 5777 egena.
527 5731 538 5762 i
569 5710 662 5781 ltaque
683 5713 792 5782 plenum
818 5711 908 5781 ponti·
959 5707 1115 5763 besiderlus
1129 5715 1157 5761 et
1188 5706 1427 5834 Lonqobardorum
1457 5707 1516 5773 ejus
1544 5708 1681 5764 exereitus
1724 5710 1761 5766 ad

118 5773 338 5832 numnam
359 5780 386 5835 in
407 5778 513 5835 Tuscia
540 5780 712 5848 civitatibus,
731 5797 791 5852 quaa
809 5783 908 5837 iterum
959 5779 1073 5835 Clausae
1086 5786 1240 5850 perperene,
1267 5778 1456 5834 lliadbeutum
1470 5777 1581 5834 Petmm
1595 5777 1756 5850 eonlnqinnr

119 5839 311 5926 inexemplum
332 5850 514 5919 adducuntur,
534 5851 562 5906 in
584 5853 694 5910 dubium
711 5862 815 5912 vertero
834 5868 908 5908 uren·
959 5851 1093 5908 uolentes
1112 5849 1243 5924 predicto
1268 5849 1441 5908 sanctissimo
1460 5850 1581 5908 Adriano
1599 5861 1676 5924 papoe
1696 5861 1763 5906 ³0⁸⁰·
