4050 6192
220 254 282 341 'go
662 267 692 323 n.
712 266 838 324 utnon
857 265 964 322 uacui
983 265 1059 324 ors.
1081 264 1171 323 rius
1189 266 1209 323 i.
1230 262 1355 324 secun
1367 260 1412 321 iii.
1669 270 1674 277 ·
1806 255 1859 312 ιιι

227 394 359 519 mai
372 389 740 525 ‘llil'n‘llldbdltll
757 381 948 507 delii?
963 380 1018 521 ll}
1031 385 1055 444 ι
1068 369 1864 520 iidllsienuueretelutnnis

227 534 287 605 ejus
305 502 432 588 eliciatur
445 528 575 589 intentio,
599 524 639 578 vel
654 524 680 578 iii
695 522 766 605 qnod
778 521 837 591 ejus
857 520 957 603 effrena
970 535 1018 574 io-
1067 521 1159 577 videre
1174 532 1199 604 ἦ.
1213 519 1357 602 Provideat
1367 532 1433 589 ergo
1446 527 1603 597 ιιιιιιιιιιιι
1617 511 1685 567 tanti
1696 509 1780 582 1400
1793 510 1865 580 regis

228 604 318 657 loetas
331 600 462 657 inebiiata
483 594 626 665 triumphis
638 602 783 663 preteritis
800 599 829 646 et
844 590 938 660 spoliis
952 590 1019 644 ilde·
1068 592 1210 647 elementia
1224 605 1296 645 eirca
1309 587 1430 657 exposita
1445 585 1562 665 illiorum
1578 579 1707 661 pericula,
1723 588 1866 663 succurrat

228 673 293 727 lium
307 669 458 727 humefacta
471 665 638 737 frequentius
648 663 811 745 impellatur.
824 662 864 715 lii
879 660 923 743 liis
934 660 1019 730 igitur
1069 661 1291 743 deiteranestrae
1303 658 1432 740 potentie
1453 654 1554 737 festino
1574 651 1694 706 remedio
1713 651 1792 709 nobis
1808 649 1864 720 lupi

227 741 334 797 maltis
346 739 459 795 iiitinitis
477 736 605 807 periculis
620 742 649 787 et
669 734 810 789 timoribus
830 746 879 801 per
898 731 1019 785 diversas
1069 745 1175 800 rapacis
1189 730 1293 785 insidiis
1306 736 1504 794 circumceptis,
1517 723 1609 792 patpei
1621 721 1701 775 beata
1713 735 1809 801 manus
1823 735 1864 774 re-

228 811 343 875 litteres,
360 820 390 864 ei
404 807 534 877 speciales
547 805 657 860 nuntios
668 803 799 857 intimatis
815 801 931 855 lideliter
944 807 1020 855 meto
1069 800 1111 882 gia
1130 800 1228 882 plagas.
1241 807 1349 880 nostras
1369 806 1400 880 ct
1417 794 1547 876 intuere,
1569 797 1711 870 unguenta¹
1724 788 1866 844 solutilem

228 883 285 952 regi
300 895 324 947 ι,
344 880 441 950 quibus
453 892 538 946 usqne
551 876 586 929 ad
602 874 722 928 cordium
745 873 849 953 iiseora
866 879 895 953 et
920 870 1019 924 tunda-
1070 870 1340 953 illisiniseneordue,
1359 879 1517 939 priusquam
1532 862 1640 945 iliorum
1654 875 1745 941 sanies
1763 856 1866 914 medul-

228 959 319 1005 menta
337 949 516 1069 ⁰⁰⁰⁰²l²ffffi¹s¹¹⁹
535 945 592 1026 loca
605 952 708 1068 ιιιὶιιιι,
721 957 785 1024 qum
798 958 840 996 sui
853 948 906 999 sitii
923 937 1021 1063 aggii:
1070 939 1264 1065 lisffiiobaepeat,
1291 936 1466 1059 iidnudeiitiiii.
1473 929 1788 1059 1111)ιέἱιιὶιἑιιιὶὲιῖιἰἴὶίιιίιίιίιιᾶῑίυιιι8
1792 928 1867 1057 ιὲιοιιῗι

228 1016 1021 1228 ...m
1070 1020 1867 1221 aeruminis...

228 1175 619 1354 kiwe‘ffim‘mi'sm'ffmss‘
633 1219 946 1346 ιιιρῖοιιιᾶιιιοιοιὲιιιιέιιιίιξηἰ
957 1230 1024 1343 ffi
1070 1217 1347 1347 lgigffigaaffl‘nos
1369 1224 1398 1271 et
1411 1215 1525 1273 Terram
1548 1220 1672 1275 maetam
1693 1211 1868 1266 devotissime

260 1300 300 1361 iis,
316 1313 345 1353 re
383 1314 406 1363 s,
422 1306 450 1352 et
474 1298 588 1350 einiieri
609 1307 743 1348 ussusa
1107 1306 1132 1343 iu
1296 1325 1304 1344 .

229 1360 1022 1511 sufflatu
1338 1392 1507 1454 auson
1530 1391 1598 1451 xu-

230 1508 281 1562 lius
293 1507 492 1587 diversimode,
517 1512 545 1559 ei
557 1503 732 1582 irequenter,
757 1500 909 1582 importune
922 1512 956 1552 ac
969 1511 1022 1578 ιιι·
1071 1508 1228 1580 Rumpe„
1243 1507 1333 1582 puppii
1352 1508 1381 1565 ig
1393 1505 1501 1563 metm
1518 1502 1647 1576 mium
1664 1502 1865 1574 pugnum,

231 1584 347 1645 portnne
359 1589 531 1644 requirimur,
552 1585 714 1627 necessarum
728 1584 870 1651 nequimus
878 1569 1024 1651 subvenire
1712 1596 1715 1602 ,

231 1645 368 1710 mmeritis,
393 1645 492 1700 doloris
506 1643 652 1697 acerbitate
664 1638 852 1703 eoiiiodimnr,
866 1645 895 1693 ιι
908 1654 935 1692 in
948 1634 1023 1692 deie-
1221 1618 1284 1695 (Ab
1298 1618 1377 1675 Dilm·
1392 1617 1473 1685 ¹²8⁰,
1487 1615 1546 1673 ⁶0⁶¹·
1561 1614 1633 1673 fild·
1649 1616 1717 1683 ΧΗ·)

230 1723 304 1772 etum
319 1715 427 1779 viriani,
442 1712 636 1782 compassionis
650 1709 692 1763 iel
703 1708 846 1763 affectuum
861 1707 1024 1763 exsolvimus
1037 1723 1062 1787 ς
1074 1729 1274 1786 mmmm
1292 1758 1329 1774 ,,
1348 1728 1505 1799 pugoppqms
1526 1728 1677 1800 pupillum,
1698 1725 1745 1797 ,wi
1766 1740 1868 1783 mm

230 1792 259 1839 *ι
274 1783 408 1867 mmm
429 1782 570 1865 ⁰¹¹³fl²²¹i⁸
584 1781 608 1833 h·
629 1779 708 1862 N⁰Yi⁸
724 1779 850 1849 equidem
863 1776 1022 1858 mm*
1107 1802 1197 1856 etatis
1211 1802 1336 1872 quintnni
1351 1802 1471 1854 imnduni
1485 1799 1595 1869 eregit,
1614 1797 1686 1869 regia
1705 1797 1756 1852 sub
1773 1806 1868 1867 prote·

231 1864 322 1909 mm
334 1853 601 1909 ”mmmmm
616 1848 719 1919 simet
743 1855 885 1905 ²⁰⁸¹²t¹¹¹¹¹
905 1846 1022 1901 fl⁰b¹¹⁸¹⁸
1108 1871 1199 1927 ctione
1213 1871 1328 1941 accipit:
1348 1868 1460 1940 eiusque
1481 1870 1550 1924 bona
1571 1867 1662 1923 omnia
1680 1875 1737 1921 tarn
1757 1866 1868 1923 mobilia

232 1923 377 2006 imvm
399 1922 571 2004 ⁰³³¹¹3³¹i¹¹aet
600 1920 675 1975 'mi‘
698 1919 809 1987 impe*
832 1916 1023 2001 &mmmm
1108 1955 1189 2010 quani
1199 1939 1347 2001 immobilia
1362 1954 1392 1995 se
1407 1940 1482 2010 regio
1494 1938 1649 2011 patrocinio
1659 1936 1758 1992 tuenda
1775 1950 1870 1992 susce·

231 2000 389 2075 ⁹⁰¹⁰⁰i¹³¹¹¹i
404 1997 622 2074 ”⁰¹¹¹.W'‘³²
632 1997 767 2072 ΨΜ
780 1989 941 2070 Ρπηπῗὴω
950 1984 1024 2040 '⁶⁹⁰'
1108 2011 1181 2081 pisse
1199 2011 1252 2067 boc
1265 2010 1409 2082 diplomate
1426 2024 1476 2080 per
1500 2018 1587 2066 mturn
1607 2007 1751 2079 imperium
1766 2006 1870 2061 denuit·

230 2063 385 2135 solymitani
407 2062 527 2131 praedicti
540 2098 548 2124 ,
569 2075 601 2114 ae
614 2060 801 2129 religiosorum
823 2072 944 2112 omninni
957 2070 1025 2125 pain
1109 2080 1160 2139 tm
1172 2078 1198 2137 g·

231 2141 369 2203 pertates,
386 2133 461 2187 notit
476 2131 510 2187 ad
523 2130 581 2185 baec
594 2131 703 2199 quartis
725 2127 920 2183 munitionibus
933 2140 1025 2181 moro·

233 2217 304 2269 ruisi,
319 2200 516 2271 machinarum,
531 2200 715 2271 garridarum,
732 2196 879 2268 galearum,
903 2210 934 2251 ae
948 2195 1025 2251 belli·
1109 2191 1150 2248 td
1160 2194 1211 2249 lioc
1224 2193 1325 2249 nostris
1339 2192 1461 2249 humeris
1478 2192 1560 2263 regiae
1579 2191 1716 2263 dignitatis
1729 2199 1771 2246 est
1783 2190 1870 2260 impo-

231 2287 326 2327 eorum
340 2271 582 2329 instrumentorum
597 2269 674 2338 copia
696 2276 797 2323 sancte
811 2266 903 2322 Terre
924 2274 1025 2321 nostin
1073 2261 1143 2319 sitias
1152 2265 1341 2336 principatus,
1356 2263 1479 2333 arinlque
1492 2263 1577 2318 nostri
1593 2277 1677 2317 sacrae
1698 2260 1871 2317 delibutionis

233 2342 384 2396 innniendie
397 2340 543 2411 indigeant,
563 2339 637 2394 norit
663 2338 780 2403 dualiter
796 2352 845 2392 nos
858 2351 952 2392 carere
965 2334 1024 2390 sui·
1073 2333 1134 2388 oleo
1147 2341 1211 2393 sunt
1228 2335 1369 2407 peruiieti,
1390 2341 1420 2389 nt
1438 2348 1520 2388 maun
1537 2331 1719 2397 tortitudinis,
1742 2329 1870 2412 braeliio-

232 2412 350 2467 ιιιιιιιιιι
366 2409 547 2474 defensorum,
562 2417 591 2464 et
607 2423 641 2463 ei
652 2408 730 2464 nobis
748 2407 790 2462 sel
810 2406 918 2462 aliunde
930 2414 1026 2475 poten·
1073 2418 1128 2472 que
1139 2413 1249 2460 micum
1262 2405 1347 2460 simus
1361 2403 1482 2459 omnium
1495 2403 1546 2461 sub
1561 2401 1683 2458 Romano
1695 2402 1809 2470 irnperio
1823 2402 1872 2460 de-

232 2482 299 2538 tinm
310 2496 361 2553 pro
374 2480 515 2553 stipendiis
535 2494 589 2534 non
607 2479 717 2546 babere,
732 2478 804 2533 unde
815 2482 843 2541 et
854 2476 932 2533 nobis
945 2483 973 2530 et
985 2475 1026 2531 io-
1074 2473 1194 2545 gentium
1209 2474 1364 2531 defensores
1378 2486 1401 2527 r.
1415 2472 1469 2528 Sed
1481 2474 1536 2528 etsi
1547 2481 1686 2528 teneamur
1701 2472 1737 2527 ad
1748 2471 1801 2526 lieo
1811 2485 1872 2525 om

232 2634 369 2700 ululatus,
392 2631 526 2697 bmenta,
549 2645 683 2702 vocesque
706 2630 828 2702 ingentes
852 2628 1025 2687 noercnitum
1075 2628 1148 2702 regis
1164 2642 1258 2701 regum
1273 2627 1436 2685 imitatorem
1450 2625 1578 2682 ostendit.
1603 2625 1642 2680 ile
1655 2624 1749 2680 eodein
1763 2630 1791 2679 et
1804 2622 1871 2687 iilud

232 2704 403 2769 exaudiebat,
415 2704 450 2758 ob
463 2702 636 2773 direptiones,
649 2701 772 2765 vulnera,
794 2707 898 2771 stupra,
910 2706 939 2755 et
950 2698 1020 2753 occi·
1076 2707 1213 2765 narratur,
1230 2699 1384 2769 increpasse
1403 2696 1549 2825 aliquando
1561 2695 1706 2757 satellites,
1722 2695 1768 2764 qui
1784 2695 1872 2749 linini-

232 2777 322 2831 siones
339 2789 388 2847 per
405 2772 535 2828 barbaros
556 2771 642 2826 iactas
663 2770 878 2829 eoninieudabat.
894 2768 962 2824 Cani
986 2768 1027 2824 sic
1076 2770 1116 2829 les
1128 2784 1161 2825 ae
1173 2768 1304 2835 tenuioris
1317 2768 1433 2825 tortuose
1466 2766 1571 2823 omines
1585 2765 1754 2829 amoiebant,
1775 2776 1872 2820 conee-

232 2853 333 2911 oraret,
351 2858 416 2899 ecee
438 2842 623 2899 nefandissimi
641 2840 764 2895 boonnes
787 2839 916 2912 tempium
940 2839 1028 2911 ingre·
1075 2840 1131 2911 ptis
1151 2838 1195 2895 his
1207 2839 1315 2895 icrbts:
1342 2837 1526 2899 «Particum,
1549 2836 1629 2891 sinite
1644 2835 1768 2890 iioniines
1780 2835 1813 2889 ad
1827 2847 1872 2889 nie

234 2916 354 2979 diuntur,
372 2912 587 2985 ipsumquecnm
605 2908 903 2967 dictisiratribusante
920 2922 1027 2964 sacram
1077 2909 1178 2967 reone.
1195 2906 1254 2964 Non
1268 2908 1340 2963 enim
1353 2907 1459 2963 ideoad
1474 2904 1509 2963 iin
1546 2906 1616 2962 rium
1629 2912 1819 2972 creatussuin,
1841 2914 1872 2961 ut

233 3000 308 3041 arani
326 2983 547 3055 procumbentem
562 2979 707 3037 crudeliter
720 2994 890 3051 peremere.»
908 2978 963 3034 llac
975 2993 1026 3033 au·
1075 2978 1106 3039 ln
1117 2979 1209 3036 arcula
1223 2978 1347 3037 includor
1362 2998 1372 3031 i
1387 2976 1473 3060 (lips.
1521 2992 1566 3031 eii.
1578 2974 1638 3031 rot.
1653 2990 1678 3033 c.
1695 2974 1734 3047 i).

234 3063 290 3109 tem
303 3054 330 3108 tn
343 3052 452 3123 regione
464 3058 525 3106 ante
538 3064 623 3104 annos
635 3056 696 3105 octe
713 3050 740 3103 in
753 3048 924 3104 solitudinem
935 3062 1024 3114 versa,
1039 3075 1062 3138 c
1115 3047 1193 3115 tQol
1214 3063 1351 3118 nunquam
1372 3046 1424 3103 nisi
1439 3045 1510 3117 regis
1523 3044 1632 3103 tiinluin
1649 3053 1763 3115 usurpat
1784 3050 1824 3099 tot
1843 3044 1872 3103 in

234 3122 449 3179 Christianorum
469 3120 598 3192 sanguine
619 3118 714 3174 satiari
730 3119 851 3190 cupiens,
874 3126 1026 3175 anacastra
1078 3119 1253 3190 epistolarum
1267 3133 1389 3183 numero,
1413 3117 1457 3172 iiic
1471 3116 1572 3187 regiam
1589 3116 1773 3174 inunctionem
1786 3129 1815 3169 se
1827 3131 1874 3170 ai·-

236 3194 333 3249 liierat
344 3189 511 3248 Bendocdar.
1077 3189 1182 3258 cepisse
1196 3187 1336 3271 gloriatur,
1359 3203 1454 3244 eornm
1465 3186 1598 3257 ingratiis,
1611 3184 1657 3255 qui
1671 3185 1873 3255 iinperatorirni

272 3263 356 3319 ·buo
378 3260 422 3314 iiie
436 3258 684 3317 animadvertenda.
704 3256 826 3313 Primum
840 3272 912 3315 anno
933 3258 1028 3314 eodein
1078 3273 1141 3315 cum
1155 3273 1227 3329 regia
1241 3257 1420 3323 ooninndnnt,
1437 3269 1568 3329 regesque
1579 3270 1673 3313 onines
1680 3254 1872 3319 Romanorum,

236 3329 456 3401 redempturae
470 3328 546 3384 liudo
594 3345 639 3382 nin
653 3327 770 3393 litteras,
791 3335 819 3383 et
838 3328 947 3385 nonnos
966 3329 1030 3384 mis·
1077 3328 1227 3389 imoetiam
1241 3326 1394 3383 Germaniae
1408 3328 1585 3399 imperatores
1604 3325 1759 3396 appeliant,
1783 3323 1874 3395 cujus-

236 3417 282 3463 sos
292 3416 361 3464 csse,
380 3413 433 3483 (ριο
448 3399 485 3454 nil
501 3414 547 3455 ere
566 3399 656 3455 itiilios
672 3399 753 3453 rebus
772 3397 894 3469 trepidis.
906 3397 1029 3455 Alterum
1079 3397 1152 3453 modi
1174 3407 1215 3455 est
1228 3395 1356 3454 collector
1370 3398 1467 3453 barum
1482 3397 1641 3460 litterarum,
1663 3395 1709 3467 qui
1722 3410 1775 3453 non
1791 3394 1873 3453 semel

236 3473 329 3556 Cyprii
343 3485 414 3542 regis
425 3468 544 3541 lingonis
558 3467 758 3533 liberalitatem,
772 3483 818 3523 seu
832 3467 922 3539 potins
937 3483 1030 3523 assen-
1078 3464 1248 3539 Rndolptiurn
1265 3468 1362 3537 ipsum,
1386 3474 1551 3539 repugnante
1565 3467 1668 3530 coelem,
1683 3465 1873 3549 imperatorem

237 3540 554 3610 tationemapatriaicba
565 3538 713 3603 emendari,
724 3539 787 3593 duni
795 3537 935 3611 liudolpho
945 3539 1029 3594 aliurn
1079 3538 1205 3610 appellat.
1230 3538 1318 3592 Verba
1337 3538 1483 3601 orationis,
1506 3552 1566 3607 quie
1583 3537 1611 3591 in
1629 3536 1700 3606 regis
1719 3537 1875 3593 inunctione

237 3612 345 3668 titulum
358 3623 440 3679 quarn
450 3610 555 3680 regium
572 3622 624 3663 non
639 3609 745 3663 tribuit.
858 3670 860 3674 g
1098 3608 1273 3674 roleruatnr,
1288 3606 1420 3664 audienda
1433 3623 1467 3663 ex
1482 3604 1582 3663 Penii.
1599 3603 1678 3663 Rern.
1697 3624 1706 3656 i
1722 3604 1874 3670 Constitue,

273 3679 436 3734 bleidanus
461 3694 504 3749 ap.
530 3678 660 3751 Ragnald.
682 3677 780 3760 iiiiii,
807 3693 835 3732 n.
866 3676 897 3733 et
934 3676 1028 3743 reiert,
1079 3624 1212 3743 bonine,
1235 3678 1415 3749 principatum
1437 3692 1518 3747 super
1541 3677 1684 3733 humerum
1701 3674 1774 3743 rins,
1796 3676 1876 3731 utsii

237 3750 341 3809 octobri
356 3764 448 3804 mense
470 3750 572 3876 eligunt
589 3749 766 3805 subsidiarias
783 3749 875 3818 copias
886 3674 1032 3805 dioninse
1079 3749 1170 3816 lortis,
1191 3747 1292 3817 iustus,
1313 3747 1409 3812 tidelis,
1422 3746 1560 3873 providus,
1585 3755 1613 3801 ct
1628 3745 1779 3803 iiidelcssus
1798 3732 1875 3815 regni

237 3822 298 3876 dein
312 3819 445 3891 appulisse
456 3835 489 3873 ιι
528 3818 649 3874 ccidente
667 3819 825 3883 submissas,
841 3819 904 3875 dum
917 3833 1032 3888 genera·
1080 3818 1209 3887 liujus,et
1223 3818 1315 3889 populi
1329 3819 1367 3873 tui
1384 3834 1420 3889 gu
1439 3825 1558 3884 eruatur,
1585 3825 1668 3879 etei
1692 3815 1747 3873 Nee
1768 3816 1877 3873 mireris

236 3891 272 3945 iis
286 3890 534 3960 apparatusliebat.
557 3908 567 3940 i
584 3886 661 3944 Circa
674 3888 755 3943 linem
768 3888 902 3951 Octobris,
916 3890 963 3951 ait,
980 3886 1031 3943 do·
1081 3889 1251 3959 {ludolphum
1265 3904 1315 3959 pro
1326 3903 1409 3957 regno
1420 3887 1562 3958 imperinm
1575 3884 1708 3956 prolerre.
1722 3887 1788 3959 llcgi
1802 3887 1875 3944 enirn

239 3963 329 4016 niirins
347 3958 506 4015 Guilielnins
523 3960 555 4014 de
574 3958 658 4014 liosse
670 3959 722 4013 'ion
740 3959 867 4030 applicuit
887 3958 1033 4015 Ptolemoi·
1081 3959 1264 4015 Romanorum
1277 3958 1480 4028 gubernandum
1490 3957 1710 4013 committebatur
1721 3957 1875 4031 imperium,

239 4030 303 4086 deni
318 4045 378 4085 enin
392 4028 426 4085 lb
441 4029 581 4095 militibus,
602 4038 629 4084 et
644 3976 704 4087 aius
717 4027 751 4083 eo
765 4029 911 4099 equitibus,
929 4035 956 4085 et
970 4043 1032 4085 cuni
1081 4044 1136 4100 quo
1150 4044 1261 4098 icgnniii
1280 4027 1363 4084 etiam
1376 4026 1484 4097 aliquod
1500 4028 1571 4083 inter
1590 4025 1756 4082 feodatarios
1775 4026 1878 4109 princi·

261 4099 448 4168 usdrlngentis
473 4098 631 4156 ballistariis
657 4100 691 4153 ad
708 4099 841 4169 stipendia
858 4097 994 4154 Ecclesia.
1019 4117 1030 4155 i
1082 4107 1140 4175 pat.
1164 4098 1365 4155 continebatur.
1393 4097 1569 4167 imperatoria
1594 4112 1659 4152 iero
1679 4097 1801 4154 inunctio
1822 4112 1875 4151 noa

240 4116 331 4238 auare
346 4169 443 4225 barum
464 4170 616 4225 litterarum
633 4176 700 4224 actas
713 4178 777 4226 aute
791 4169 817 4225 ld
830 4168 1034 4239 temporiseon-
1083 4185 1196 4241 regnum
1217 4167 1393 4239 imperiumne
1414 4167 1495 4222 certis
1517 4167 1617 4223 linibus
1641 4166 1876 4240 eiiciunseriptum

240 4240 315 4295 stitui
330 4239 431 4297 debet:
458 4254 519 4311 qum
537 4237 609 4293 enirn
621 4248 790 4308 sequnntur,
805 4237 909 4295 nullum
923 4238 1034 4299 omniuo
1084 4240 1258 4311 designabat,
1280 4239 1327 4294 sed
1345 4254 1506 4308 quacunque
1521 4237 1641 4293 Ecclesia
1656 4236 1703 4293 ilci
1717 4239 1878 4294 extendeba-

241 4309 390 4366 subsidium
399 4324 433 4365 eo
445 4309 601 4381 pri-enisa
614 4308 763 4363 loculenter
774 4310 969 4365 demonstrant.
1085 4319 1139 4375 tur,
1163 4309 1333 4383 imperatoris
1345 4317 1509 4381 potestatem
1525 4306 1697 4362 effundebat:
1714 4308 1751 4363 ita
1764 4315 1801 4370 nt.
1815 4306 1877 4381 jure

278 4379 465 4449 eitudotptios
477 4377 504 4432 in
518 4378 574 4432 suis
590 4377 687 4432 litteris
705 4380 738 4433 ad
757 4377 916 4446 Gregoiinm
932 4376 954 4433 X
969 4378 998 4450 (l.
1012 4393 1032 4443 i,
1084 4379 1195 4451 proprio
1212 4378 1357 4449 pontilicis,
1383 4394 1493 4449 regum,
1519 4392 1741 4448 somniorumque
1761 4378 1876 4435 aliorum

240 4464 284 4521 ep.
302 4447 346 4517 ta)
364 4457 478 4503 testaius
488 4455 562 4511 erat,
579 4464 608 4502 se
621 4462 654 4503 ιο
678 4447 764 4518 magis
783 4450 816 4503 ad
832 4463 937 4505 sacram
953 4426 1074 4517 expe-⁰
1104 4450 1235 4521 rineipnm
1249 4449 1401 4504 nullatenus
1414 4447 1566 4512 imminuto,
1582 4449 1773 4519 iniperstorad
1788 4448 1877 4504 mtlie

242 4520 372 4575 ditionem
382 4517 503 4583 accendi,
524 4533 574 4588 qiio
587 4517 715 4571 notiirolis
726 4519 852 4640 petitoris
872 4519 955 4573 nostri
973 4535 1034 4575 esso
1085 4467 1164 4575 ficara
1187 4517 1342 4590 religionem
1367 4518 1539 4574 asserendam
1563 4518 1663 4589 ubique
1688 4528 1822 4577 terrarum
1849 4526 1876 4575 et

241 4591 273 4644 ob
291 4586 418 4654 Crucifiri
439 4585 550 4656 gloriani
568 4596 643 4641 entre
661 4597 749 4642 notre
769 4588 854 4647 solaro
872 4604 977 4660 peregre
998 4587 1036 4644 ilii
1082 4587 1206 4662 gentium
1220 4589 1413 4661 temporaliter,
1429 4589 1654 4661 quemadmodum
1667 4588 1787 4660 pontilex
1800 4590 1877 4661 spiri·

264 4657 429 4712 niescebant.
453 4656 556 4711 idcireo
570 4672 656 4726 usque
678 4660 712 4713 ad
734 4667 872 4716 extremos
895 4674 951 4714 soie
972 4659 1036 4716 ritae
1086 4659 1206 4724 tualitei,
1230 4659 1363 4715 dominari
1382 4659 1527 4714 diceretur.
1547 4658 1590 4715 nit
1604 4658 1699 4715 melius
1720 4661 1877 4730 comprobat

244 4677 302 4783 aies
316 4726 379 4782 ilinc
393 4725 528 4808 prolieisci
540 4726 723 4795 ilesideiaiit;
743 4736 772 4783 iit
786 4743 857 4785 anuo
873 4729 937 4785 ldbl
950 4728 1036 4785 Fiae·
1085 4731 1155 4787 haue
1167 4744 1237 4807 rom,
1248 4744 1328 4815 quain
1341 4729 1476 4785 orationes
1487 4745 1536 4800 pio
1550 4728 1578 4783 bi
1588 4728 1701 4784 ‘usiniu'i
1721 4729 1877 4785 inunctione

244 4798 389 4879 coinitum·
404 4798 437 4853 ad
460 4798 569 4851 coniitia
589 4809 747 4867 properans,
773 4814 834 4867 qam
854 4797 889 4855 nd
911 4799 1036 4855 eumdem
1087 4800 1217 4856 institutae
1228 4802 1349 4872 (decem.
1364 4798 1436 4855 Soet.
1457 4796 1486 4864 ιι,
1501 4814 1561 4871 cap.
1573 4745 1594 4855 2
1602 4840 1610 4866 ,
1622 4815 1653 4882 p.
1665 4797 1711 4869 dd)
1723 4815 1792 4871 quas
1804 4799 1877 4855 lubet

243 4870 326 4924 tinein
337 4868 479 4934 inluserat,
490 4869 584 4924 niorbo
596 4875 713 4923 tciitatos
728 4866 840 4925 interiit.
857 4867 1036 4935 Quamobrem
1087 4882 1236 4941 opportune
1250 4870 1304 4925 linc
1316 4868 1431 4925 afferre:
1448 4888 1457 4920 i
1475 4871 1546 4925 boiis
1556 4885 1658 4943 omnip.
1675 4868 1752 4939 cujus
1764 4878 1807 4925 est
1821 4885 1876 4924 one

246 4937 336 4996 oiuoiai
358 4937 419 5003 ista,
437 4952 498 5006 qnae
518 4938 601 5008 probe
614 4952 693 4994 nosse
710 4938 810 4994 dicitur
827 4938 855 4995 in
870 4937 912 4995 tiis
930 4937 1009 4993 litteri
1088 4941 1130 4994 nis
1148 4947 1268 5022 potestas
1287 4947 1314 4995 ιι
1329 4939 1455 5011 dignitas,
1480 4948 1507 4995 te
1518 4954 1568 5011 sup
1586 4938 1630 4994 liei
1644 4940 1876 5009 devotionemque

247 5019 390 5080 nmcqnam
406 5022 454 5062 rex
473 5006 656 5065 Romanorum
673 5020 822 5074 crearetur,
844 5008 1006 5080 perspectai
1029 5009 1035 5023 ·
1087 5008 1236 5065 bunidliina
1250 5023 1330 5079 prece
1344 5010 1513 5081 deposcimus
1528 5021 1558 5064 nt
1569 4956 1637 5064 bute
1653 5007 1754 5065 lininio
1775 5019 1821 5065 too
1843 5007 1874 5063 tt.

246 5088 335 5143 erant,
357 5077 511 5147 eisdemque
528 5077 625 5134 littere
644 5077 725 5135 iidem
744 5077 854 5145 iaciunt,
870 5085 944 5134 recte
963 5076 1038 5135 illir-
1086 5094 1245 5151 prosperum
1270 5079 1450 5148 impcrnmric
1478 5078 1627 5146 maiestatis
1654 5080 1789 5136 concedas
1811 5076 1876 5134 ebc-

249 5150 317 5204 muri
336 5147 486 5203 aGerardo
510 5148 623 5221 aliisque
645 5149 839 5219 scriptoribus,
866 5147 1037 5218 liudolpbum
1088 5164 1172 5215 cium,
1185 5156 1215 5205 ut
1226 5149 1254 5204 in
1268 5157 1314 5203 tua
1325 5150 1492 5221 protectione
1507 5151 1664 5215 reiistitnto,
1687 5150 1721 5205 ad
1733 5166 1761 5205 re
1786 5150 1877 5204 ,nilum

247 5218 523 5283 auteaniiumldib,
544 5219 829 5282 eninnxoremdniit,
848 5218 967 5290 insyria
983 5234 1038 5275 mo-
1088 5219 1236 5277 Ecclesiam
1249 5229 1321 5274 tuoni
1336 5228 1467 5286 sanctam,
1479 5218 1546 5275 niliil
1557 5220 1580 5275 ei
1592 5221 1733 5291 presentia
1812 5220 1875 5279 'ane

249 5297 336 5345 ratum
349 5288 409 5342 e‘sse
422 5304 483 5345 euin
495 5296 582 5360 patre,
598 5289 705 5345 tametsi
724 5289 881 5346 incredibile
902 5290 1036 5355 rideatur,
1088 5289 1180 5345 lutura
1192 5288 1259 5347 nilitl
1271 5290 1421 5345 obsistant:
1436 5288 1483 5345 scd
1496 5289 1645 5361 inspirante
1660 5291 1747 5345 saneti
1759 5289 1878 5361 Spiritus

246 5373 308 5413 enm
316 5357 1039 5425 casirasmummtmssetndenritl,uinonnutttattir
1089 5360 1174 5423 dorio,
1193 5360 1319 5431 populum
1333 5359 1385 5415 sibi
1408 5359 1543 5415 subditura
1565 5375 1642 5429 aquo
1659 5358 1774 5431 jiistitim
1795 5361 1878 5415 tibra-

247 5438 341 5495 niant;
357 5443 420 5483 iiam
434 5445 505 5485 anuo
516 5429 591 5492 taes,
604 5445 666 5486 enin
676 5429 830 5486 liidericus
842 5429 1036 5495 transiretaiit,
1089 5431 1163 5487 mine
1176 5445 1270 5501 regere
1287 5431 1385 5495 ualeat,
1401 5437 1429 5485 et
1440 5430 1467 5484 in
1485 5431 1611 5486 omnibns
1631 5431 1759 5502 operibus
1773 5430 1831 5485 suis
1852 5435 1879 5481 te

246 5496 404 5569 liudolphus
415 5514 482 5569 puer
496 5508 555 5556 erat
572 5500 710 5559 demonis.
733 5500 799 5557 Vide
815 5515 897 5572 supra
911 5500 941 5573 il.
957 5516 977 5565 i,
992 5514 1036 5570 ep.
1090 5515 1197 5571 semper
1218 5500 1327 5566 timeat,
1354 5501 1455 5571 tibique
1474 5497 1576 5569 jng'tcr
1597 5500 1704 5571 placere
1722 5498 1878 5556 contenda&

247 5566 275 5632 ι,
289 5577 346 5623 uot.
362 5580 387 5635 ⁸,
400 5572 452 5626 eol.
467 5570 542 5644 705).
1090 5571 1161 5628 neus
1180 5569 1227 5625 liei
1244 5568 1314 5626 iilius
1334 5568 1359 5624 J.
1382 5569 1412 5626 C.
1438 5570 1470 5625 tt.
1491 5579 1602 5635 mater,
1623 5570 1700 5639 qnia
1722 5569 1803 5627 Patre
1820 5567 1880 5625 eleo

282 5634 295 5674 ι
314 5636 456 5707 singulare
475 5641 527 5697 lioe
545 5636 680 5712 diploma,
703 5638 780 5709 euius
798 5639 885 5695 simile
905 5654 1037 5709 nnsqnain
1091 5639 1305 5711 participationis
1315 5649 1412 5696 unctus
1423 5649 1465 5696 est
1477 5656 1533 5710 prae
1545 5640 1722 5712 participibus
1736 5641 1802 5701 nis,
1823 5639 1880 5711 ipsc

249 5718 293 5760 rue
313 5722 444 5768 repensae
460 5711 572 5772 ingenue
594 5712 690 5776 latenr,
712 5711 863 5781 principem
886 5709 1037 5779 piissimniii
1090 5724 1140 5781 per
1157 5720 1317 5781 presentem
1339 5712 1408 5768 sacri
1430 5712 1557 5783 unguenti
1578 5710 1738 5767 inlusionem
1763 5709 1879 5782 Spiritui
