4050 6192
244 252 292 307 uel
658 261 661 266 '
681 250 711 306 Β.
731 250 855 307 (ΞΔῘιΟΗ
874 252 981 309 MAGNI
999 253 1075 310 OPP.
1095 252 1185 308 eius
1203 252 1223 308 l.
1244 253 1366 311 sedulo
1381 252 1427 311 lll.
1807 264 1854 322 m

241 365 390 423 ierusalem
401 378 446 420 aii.
459 359 488 428 i,
501 361 599 418 Siciliae
609 362 725 444 veroli.
743 380 754 416 i
769 363 836 420 Cum
848 372 938 422 eutem
951 364 1029 421 Nico·
1042 372 1066 427 Α
1079 365 1219 424 dementer
1229 373 1351 436 optatum
1368 367 1420 423 iter
1430 383 1484 424 noti
1494 368 1654 441 susceperit,
1671 378 1855 448 causasesplo

243 438 301 492 lans
310 436 429 507 degusto
441 446 533 488 meuse
543 431 813 496 decesserit,iioniiisi
823 435 945 504 sequenti
957 448 1030 490 anno
1081 449 1143 488 rare
1156 446 1272 505 oportet.
1710 479 1715 484 .

243 506 474 590 liniussuceessur
487 501 616 557 llartims
633 502 772 586 lipaeeni
793 503 873 558 istam
886 504 1027 586 'drmaiitj
1115 503 1180 559 llll.
1196 504 1339 564 Terminus
1361 509 1396 564 ab
1419 508 1540 564 Honorio
1562 508 1595 565 de
1614 508 1729 566 lralrurn
1750 514 1855 573 oonsilio

242 572 1031 723 etiamdum}llil‘illilli‘ldiiliib
1079 574 1856 709 trimisia{illidium-mudum

244 716 365 785 pilonico
387 712 515 835 obsequia
533 709 686 791 conciliarit
697 710 840 794 (Raynald.
860 713 938 776 luel,
953 728 1027 768 urim.
1079 710 1220 769 laborabat
1234 716 1367 786 angustia,
1381 731 1443 773 nam
1460 724 1522 774 octo
1532 718 1620 788 spatio
1636 719 1768 774 meusium
1783 721 1854 792 baad

244 785 299 855 li).
311 783 357 839 Sic
368 783 428 839 duze
442 783 461 836 il
472 796 495 837 ai
511 795 653 862 pmcipuae
664 788 854 838 controuersiae
872 782 1029 852 snperl‘ro·
1079 781 1253 839 Germaniam
1267 794 1429 855 repeterem,
1439 796 1603 869 pararentur
1615 788 1705 842 omnia
1718 804 1766 860 pro
1785 807 1853 862 regio

244 854 338 909 demae
349 861 378 909 et
388 851 504 908 Etruriae
516 850 722 921 principatibus,
735 865 796 921 qum
812 851 979 924 {ludolphum
994 852 1029 908 ali
1080 852 1185 917 itincre,
1213 868 1246 910 ac
1271 870 1318 911 rex
1342 855 1401 926 ipse
1418 857 1525 912 hiemali
1548 866 1670 927 tempore
1692 874 1751 914 euni
1778 863 1854 918 nobili

243 921 335 980 italico
345 923 442 978 itinere
454 929 608 984 erciierant,
626 928 704 976 sento
716 921 823 976 minum
835 922 1029 980 annosublata
1079 922 1206 978 comitatu
1222 922 1359 982 adveniret
1371 940 1481 983 necesse
1493 936 1561 982 erut.
1585 926 1693 983 umbus
1709 928 1770 983 inde
1787 946 1856 986 neri·

243 1000 314 1048 sunt.
326 991 381 1049 Nec
394 989 657 1069 tameniindolpbus
675 990 773 1046 aluisse
784 990 882 1062 legitur
894 993 946 1048 boc
962 1007 1029 1062 pllll·
1080 989 1154 1046 silius
1173 991 1309 1049 floimrius
1328 996 1459 1062 moritur,
1480 996 1590 1068 eiiisque
1618 996 1722 1052 obitum
1742 999 1857 1070 sequitur

244 1063 315 1119 aiioe
325 1077 399 1134 spem
413 1061 464 1118 sub
477 1058 579 1116 liicolai
593 1066 713 1114 extrema
725 1074 758 1116 eo
838 1076 892 1116 am.
906 1061 976 1116 Num
986 1075 1030 1116 se·
1080 1060 1318 1132 interpontillcium
1330 1064 1422 1121 deceni
1434 1067 1576 1131 niensium,
1589 1065 1714 1122 videlieet
1726 1081 1742 1120 a
1755 1069 1797 1122 dle
1806 1077 1856 1123 ter

244 1132 347 1188 naturis
359 1131 440 1189 Urbis
452 1129 567 1200 dignitm
575 1127 683 1196 Caroli),
697 1137 791 1185 contra
829 1130 906 1187 icolai
927 1131 1029 1186 consti·
1080 1130 1156 1184 tiail
1177 1132 1245 1199 rilis,
1259 1133 1293 1189 ad
1316 1133 1351 1188 ἥ
1365 1133 1506 1191 Februarii
1522 1135 1585 1192 anni
1604 1135 1684 1201 lieu,
1701 1151 1761 1191 cum
1785 1137 1858 1194 liiiio·

244 1203 380 1266 tadonem,
398 1200 542 1257 allartino
553 1199 648 1254 eodeni
666 1199 801 1264 restituta,
817 1215 852 1256 an
866 1201 962 1272 tragici
986 1200 1030 1255 si·
1080 1198 1139 1257 laos
1175 1201 1253 1258 ιιι
1276 1204 1371 1259 ordiam
1394 1204 1526 1261 liinornm
1558 1206 1662 1276 primus
1680 1205 1779 1262 electus
1799 1206 1856 1262 luit.

242 1272 311 1329 ciliae
321 1279 435 1328 eventus
456 1285 527 1326 autin
542 1267 623 1334 liei,
636 1269 681 1340 qui
698 1268 811 1325 Romam
829 1278 913 1340 atque
924 1269 1030 1325 ltaliam
1079 1268 1169 1336 Quare
1180 1279 1270 1328 autem
1283 1273 1389 1329 nonnisi
1399 1289 1471 1329 anno
1482 1275 1605 1345 sequenti
1611 1274 1760 1330 maximum
1773 1275 1800 1331 id
1814 1292 1858 1333 ne-

242 1357 349 1397 omnem
374 1353 545 1405 concussere,
570 1353 618 1394 seu
643 1354 732 1394 caiism
754 1338 816 1395 alia
839 1340 1030 1409 impedimento
1078 1340 1182 1409 gotium
1198 1355 1296 1412 urgere
1320 1343 1613 1414 Rudolpliusooiperit,
1633 1344 1725 1416 grauia
1750 1345 1777 1399 iii
1796 1344 1858 1402 Ger-

243 1412 351 1477 liierint,
365 1412 430 1482 quln
441 1409 602 1492 liudolphus
616 1408 799 1465 coronationis
818 1409 956 1479 negotium
966 1425 1030 1480 pro-
1079 1410 1169 1492 mania
1188 1411 1379 1493 impedimenta
1391 1412 1499 1469 luerunt
1511 1414 1538 1469 in
1551 1429 1643 1470 causa.
1658 1414 1731 1469 ldein
1743 1415 1857 1484 pontilex

242 1489 414 1606 {iiiiii
427 1477 1030 1605 billldi¹ldiillll⁰mtuiili
1079 1478 1288 1606 iliblild
1298 1481 1859 1625 bubililltdibldibtlb

243 1620 299 1676 lere
311 1565 444 1676 mefiesiim
453 1618 610 1674 discrimine
627 1618 740 1674 ilartim
750 1618 834 1673 eliam
844 1589 990 1675 decedente
1001 1635 1030 1673 iii
1079 1633 1130 1675 suo
1139 1628 1270 1703 tempore,
1285 1622 1360 1677 brevi
1373 1624 1546 1680 enarratione
1557 1622 1765 1706 complectitur:
1779 1642 1789 1674 i
1802 1594 1859 1680 'Nos

243 1690 301 1746 lial.
314 1689 430 1759 Apriles,
436 1689 531 1746 eodem
543 1703 614 1744 anno
626 1688 788 1752 declinante,
805 1687 960 1760 liudolphus
974 1689 1028 1744 lio·
1080 1696 1181 1757 numm,
1196 1706 1223 1746 iri
1243 1692 1293 1757 nit,
1317 1706 1398 1760 super
1417 1692 1451 1749 iis
1465 1708 1528 1749 cum
1545 1692 1678 1749 iratribus
1690 1694 1790 1749 nostris
1801 1709 1859 1748 cim·

243 1761 321 1816 iiorio
331 1759 369 1841 lii
387 1759 493 1818 liertini
512 1758 660 1842 scireessori
683 1758 849 1840 splendidam
868 1758 1028 1842 legationem
1044 1742 1067 1802 Β
1082 1757 1191 1815 tulimus
1203 1705 1357 1834 diligentm,
1372 1771 1401 1817 el
1411 1763 1518 1819 tandem
1531 1762 1712 1818 consideratis
1727 1763 1858 1826 attentius,

242 1831 392 1895 adornavit,
410 1845 460 1902 pro
471 1836 653 1899 assignatione
663 1836 771 1883 termini
784 1828 819 1886 ad
828 1828 966 1900 imperiale
975 1827 1031 1884 dia
1079 1842 1265 1900 perpensaque
1298 1831 1493 1889 deliberatione
1515 1831 1647 1890 (limosus
1668 1847 1728 1902 quae
1750 1831 1858 1888 intanti

242 1900 320 1955 denia
341 1900 550 1970 suscipiendum.
570 1897 680 1954 Litterae
703 1897 773 1954 datm
790 1906 854 1954 suut
874 1899 1032 1956 ‹Lausanec
1080 1900 1269 1967 prosecutione
1285 1901 1386 1971 negotii
1411 1903 1596 1974 requiruntur,
1612 1902 1677 1972 quia
1696 1902 1819 1972 praedatis
1828 1903 1858 1956 de

242 1985 259 2023 x
274 1970 333 2025 Kal.
347 1969 472 2025 Decemb.
488 1968 546 2025 ind.
563 1983 619 2033 xii,
634 1968 668 2022 Α.
680 1968 712 2022 Ι).
728 1967 806 2032 ¹285,
817 1968 892 2039 regni
906 1984 971 2026 iero
981 1985 1032 2025 ne·
1080 1966 1171 2024 tuoad
1189 1984 1318 2026 eoronam
1330 1972 1446 2028 adventu
1462 1972 1603 2035 terminus,
1619 1972 1860 2042 supervenientibus

241 2040 291 2094 stri
314 2054 386 2095 aiiiio
401 2040 445 2104 le,
463 2053 632 2108 »earumque
647 2045 711 2098 aulo
730 2038 842 2107 iaplium
857 2048 980 2095 servatur
1002 2038 1030 2096 in
1080 2038 1279 2109 impedimentis
1302 2039 1429 2098 eliectum
1449 2056 1504 2098 iion
1531 2041 1644 2104 habuit,
1671 2042 1767 2098 leonori
1792 2041 1860 2112 regio

242 2110 363 2166 archivio
373 2107 450 2165 llolis
462 2108 597 2172 Adriane,
611 2108 681 2163 unde
692 2055 752 2162 lifes
762 2107 1031 2179 accepitliaynaldos
1079 2107 1216 2166 credimus
1231 2110 1368 2181 expedire,
1383 2120 1413 2167 ut
1429 2113 1464 2168 ad
1482 2120 1509 2168 ts
1530 2118 1654 2166 nostrum
1669 2111 1790 2166 nuntium
1804 2113 1860 2166 init·

241 2179 333 2252 (1285,
347 2197 376 2235 n.
390 2178 598 2260 idiotaeque
612 2193 665 2233 nou
684 2177 758 2247 parii
777 2178 905 2233 momenti
917 2187 980 2260 sunt
995 2179 1030 2233 ad
1079 2187 1209 2244 teremus,
1234 2195 1284 2251 per
1303 2194 1384 2250 quem
1401 2191 1429 2236 el
1445 2190 1498 2237 tum
1521 2180 1601 2237 noliis
1631 2180 1789 2237 intentionis
1806 2195 1860 2305 gro

241 2250 429 2306 nonnullorum
447 2250 587 2319 opiniones
602 2247 683 2303 laisan
697 2247 867 2314 auertendas,
887 2248 941 2306 buc
962 2257 1031 2303 inte·
1079 2263 1171 2305 cessus
1191 2259 1297 2319 pateret
1315 2250 1444 2320 apertius,
1457 2261 1486 2307 et
1508 2265 1568 2316 nos,
1592 2251 1757 2306 certitudine
1777 2251 1810 2305 ba
1827 2251 1860 2305 ita

241 2336 297 2392 gra
309 2318 456 2376 afferantur
470 2332 579 2374 necesse
589 2318 654 2372 erit.
1079 2318 1202 2389 pleniori,
1221 2334 1362 2391 possemus
1373 2321 1526 2377 eelsitudini
1539 2321 1620 2391 regiae
1642 2320 1739 2376 melius
1750 2328 1777 2374 et
1793 2335 1860 2375 mm·

276 2389 358 2445 lillaei
374 2388 554 2467 sanctissimo
570 2386 597 2441 iii
616 2388 681 2443 Chl-
695 2386 770 2444 Patii
787 2387 896 2444 domiuo
910 2385 1030 2468 Honorio
1078 2389 1214 2459 potentius
1240 2391 1413 2460 respondere.
1437 2390 1505 2448 Nam
1526 2389 1573 2445 elii
1594 2390 1635 2446 tui
1665 2389 1751 2445 nuntii
1773 2399 1861 2446 mutia

241 2461 331 2516 divina
366 2458 515 2515 invidentia
540 2472 643 2513 sacrm.
668 2456 702 2512 R.
720 2457 753 2511 R
776 2471 882 2514 summo
906 2458 1029 2527 pontilici
1078 2469 1200 2515 nostrum
1215 2459 1256 2514 eis
1272 2461 1422 2531 impensum
1445 2459 1608 2525 consilium,
1633 2459 1699 2514 duin
1720 2459 1860 2515 eraniusin

243 2475 399 2611 lliidolptus
415 2528 461 2583 liei
488 2542 531 2599 gr.
558 2527 666 2582 linium.
684 2543 740 2608 'rea
762 2541 847 2609 semp
872 2526 941 2609 ilua.
966 2542 1028 2583 cum
1078 2528 1177 2611 minori
1195 2527 1284 2586 ollicio
1305 2531 1456 2596 constituti,
1480 2545 1511 2587 se
1525 2529 1561 2586 ad
1573 2529 1736 2586 brevitatem
1760 2528 1861 2611 tegmini

241 2600 330 2655 illialis
340 2598 501 2656 obedientie
516 2607 544 2653 et
559 2605 715 2652 reverentiae
725 2595 935 2667 promptitudine
948 2597 1029 2654 deio-
1078 2613 1193 2655 nimium
1216 2608 1401 2655 arctaverunt.
1420 2621 1429 2654 i
1446 2600 1493 2655 liae
1507 2599 1606 2655 litteia
1618 2603 1690 2654 datm
1700 2607 1763 2654 sunt
1778 2599 1819 2654 die
1831 2597 1861 2651 li

242 2669 344 2726 tissima
438 2684 464 2723 ni
490 2668 582 2724 oscula
596 2668 746 2724 beatorum.
767 2665 836 2734 Quia
856 2668 890 2722 de
902 2665 954 2722 lide
969 2667 1027 2722 siri·
1077 2667 1186 2734 brilis,
1204 2684 1272 2741 quas
1285 2670 1343 2724 inte
1361 2670 1510 2726 rasuidere
1533 2677 1574 2725 est
1599 2669 1672 2739 apul
1697 2667 1859 2739 Raynalilum

240 2755 303 2796 cera
318 2747 345 2796 et
378 2738 501 2793 erutione
522 2737 667 2807 purissima
687 2736 887 2818 lionorabiliuiii
907 2736 1029 2792 uirorum
1078 2737 1102 2809 (l
1143 2739 1168 2802 9,
1184 2686 1369 2810 inliiseqqg.
1388 2739 1453 2795 Erat
1468 2746 1534 2795 tune
1547 2738 1709 2810 liudolphus
1727 2745 1860 2808 septuage-

240 2810 432 2935 isiia'ffistrorum
451 2807 580 2878 Leupoldi
598 2809 633 2863 de
655 2805 830 2878 Wistdiiigim
845 2805 972 2861 Willelmi
993 2808 1028 2863 de
1078 2803 1155 2863 nario
1174 2808 1276 2880 major,
1298 2809 1445 2879 paucisque
1475 2808 1545 2864 ultra
1566 2809 1709 2865 biennium
1732 2808 1861 2863 mensibus

262 2897 275 2932 i!

241 2947 461 3019 lingentium&
497 2946 561 3002 llaiii
585 2948 671 3003 nostri
695 2946 797 3013 diioui,
811 2962 843 3003 ae
857 2946 961 3001 strenui
975 2947 1027 3002 viri
1076 2946 1135 3016 eius
1151 2947 1327 3012 voluntatem,
1340 2957 1416 3006 tanta
1428 2963 1462 3003 ex
1476 2958 1554 3017 parte
1567 2948 1706 3019 pontilicis
1724 2947 1861 3004 accedente

240 3018 391 3090 ilarquarili
404 3019 437 3073 de
481 3016 597 3089 piendal,
615 3016 788 3072 familiarium
811 3024 966 3072 nostrorum
986 3016 1028 3072 di·
1077 3033 1137 3074 eom
1174 3018 1368 3081 rendinatione,
1385 3034 1435 3075 suo
1449 3018 1570 3075 caruisse
1585 3016 1684 3073 euecta
1698 3015 1861 3072 nonestmi·

241 3090 383 3154 lectorum,
397 3103 525 3157 quoniam
537 3089 565 3142 iii
581 3086 647 3156 ipsis
658 3085 837 3167 laudabilibus
852 3093 880 3142 et
891 3086 1029 3156 preclaris
1042 3101 1065 3163 c
1080 3104 1129 3143 ran
1149 3103 1206 3143 um.
1234 3088 1264 3143 ld
1291 3088 1383 3158 potius
1412 3089 1523 3161 dignum
1547 3087 1730 3144 admiratione
1748 3095 1798 3151 est,
1812 3100 1862 3167 non

240 3159 367 3284 313ῗὲιὲξῦ
375 3173 471 3283 effi
483 3154 953 3297 epiqceenaeieuiigtiieilsucrirffigiimfits
962 3171 1029 3281 (1²13-
1078 3158 1437 3283 gerriciffiuigosszacmeiugn
1445 3155 1862 3298 oetgeiqeuffirgiaffimffipfflqffi

240 3243 451 3370 plioremffipsos
472 3266 572 3367 quium
589 3303 693 3352 secreta
708 3295 797 3352 cordis
813 3295 899 3351 nostri
921 3296 1029 3366 aperui-
1078 3244 1187 3364 babgat,
1206 3311 1288 3366 quani
1310 3296 1493 3353 monumentis
1516 3295 1609 3361 certis,
1625 3297 1747 3378 adeoque
1769 3292 1862 3374 liudol·

241 3384 302 3424 iuus
314 3369 349 3424 ad
360 3367 539 3424 beatitudiuis
548 3379 648 3423 restrae
658 3367 741 3436 pedes
762 3364 923 3421 udnclalitei
946 3364 1029 3420 desti-
1077 3368 1172 3438 pisum,
1186 3366 1233 3491 tui
1245 3382 1331 3438 usque
1343 3367 1378 3422 ad
1387 3375 1537 3422 extremum
1546 3365 1673 3437 spiritum
1683 3364 1804 3420 diadem
1814 3379 1862 3444 iiii·

241 3453 346 3500 namus,
361 3438 458 3494 denus
475 3437 515 3493 eis
534 3436 725 3493 auctoritatem
756 3435 885 3491 lanariam
908 3442 936 3490 et
960 3433 1028 3491 libe-
1076 3436 1145 3506 perii
1157 3449 1189 3492 re
1208 3447 1330 3493 amenter
1346 3435 1459 3506 optarit,
1478 3434 1664 3491 coronationis
1675 3435 1810 3497 Romanae,
1822 3446 1861 3488 siri

241 3522 299 3563 ram
313 3515 473 3577 potestaoem
491 3521 525 3563 ac
541 3504 658 3576 speciale
671 3519 734 3561 inan
771 3512 829 3562 tum
845 3503 964 3575 petendi,
977 3504 1029 3559 im-
1077 3512 1299 3575 contemptorem,
1307 3505 1396 3561 minus
1405 3514 1556 3570 curantem,
1567 3503 1660 3560 dicere
1669 3519 1723 3559 non
1733 3509 1863 3558 semlai.

240 3577 363 3647 peliandi
378 3585 406 3632 et
427 3592 491 3633 acce
539 3575 906 3632 ndidiemnobisdereslra
915 3584 1027 3643 paterna
1112 3575 1179 3632 uli.
1204 3572 1259 3647 Qui
1272 3584 1362 3631 autem
1376 3574 1500 3631 diadema
1514 3574 1550 3629 im
1587 3573 1654 3629 riale
1673 3579 1858 3651 contemneret,

240 3646 409 3717 providentia
424 3662 480 3717 pra
516 3645 616 3701 endum
636 3659 686 3715 pro
698 3645 769 3700 susci
790 3643 870 3700 iendo
883 3643 916 3700 de
929 3643 1028 3700 vestris
1077 3659 1132 3717 quo
1148 3644 1275 3714 majestas
1299 3644 1525 3726 imperatoriam
1554 3643 1685 3700 eiciatur
1705 3657 1766 3698 misi
1785 3653 1860 3695 maai·

241 3716 422 3773 sacrosanctis
437 3717 560 3772 manibus
572 3714 704 3786 imperiali
722 3660 882 3779 misenate,
896 3719 928 3793 et
942 3712 1028 3781 impo-
1077 3730 1122 3771 mo
1135 3715 1183 3769 illo
1195 3714 1365 3775 auctoritatis
1383 3713 1561 3778 incremento,
1574 3712 1609 3768 de
1630 3726 1686 3784 quo
1705 3718 1748 3767 est
1765 3710 1861 3790 ιιιιιιιι

241 3787 327 3842 nenda
343 3787 420 3842 nobis
437 3801 537 3842 corona
549 3784 679 3842 Caesarem
695 3783 849 3855 dignitatis,
871 3792 899 3839 et
917 3782 1027 3851 iurand
1076 3786 1104 3841 lii
1116 3782 1403 3854 superioribnsinlmd
1415 3782 1547 3852 siquidem
1556 3789 1599 3838 est
1611 3795 1729 3854 preesse
1741 3781 1859 3850 imperio,

241 3856 269 3910 in
294 3857 412 3912 animam
439 3863 560 3911 nostram
586 3868 668 3926 snper
693 3853 882 3909 observatione
905 3852 1026 3907 omnium
1076 3852 1148 3923 quod
1161 3853 1266 3924 jusrex
1286 3851 1480 3919 Romanorum,
1503 3866 1551 3909 seu
1573 3850 1685 3907 iuturus
1705 3851 1856 3919 imperator,

241 3925 359 3992 illorum,
375 3940 436 3997 que
459 3926 531 3982 circe
543 3924 692 3995 praemissa,
706 3923 740 3979 ab
757 3923 859 3979 eisdem
872 3931 962 3978 restra
984 3936 1027 3976 re·
1076 3924 1105 3979 in
1123 3925 1254 3983 electione
1273 3922 1441 3993 acquirebat,
1466 3921 1540 3977 alind
1557 3920 1692 3992 imperiali
1712 3919 1861 3975 diademate

240 3995 357 4056 uerenda
383 3996 531 4066 paternitas
559 3994 666 4049 duxerit
694 3991 866 4075 requirenda,
893 4000 982 4074 ratuni
997 3999 1027 4046 et
1075 3995 1167 4049 ornari
1182 4011 1199 4051 a
1216 4007 1323 4052 summo
1335 3992 1471 4063 pontidee,
1490 3990 1538 4061 qui
1560 4005 1695 4073 supremae
1713 4003 1768 4071 sum
1787 3997 1858 4058 pote·

239 4065 498 4199 baudilii„
525 4062 1026 4198 “llllididlidild‘dii
1075 4060 1857 4198 “llllblibidl'illldllilffiil‘iil{liz

241 4203 424 4260 testiinonium
442 4217 560 4274 presens
579 4149 983 4282 mrimnffnexmda'coiiscribi,
997 4207 1026 4255 et
1075 4219 1112 4257 mi
1149 4205 1218 4259 rium
1236 4203 1321 4258 Rudol
1342 4168 1455 4282 uitem·
1478 4214 1507 4255 re
1524 4197 1600 4268 (nam
1626 4171 1703 4281 olin'i,
1730 4196 1858 4268 precipue

241 4270 387 4342 mimum
399 4281 499 4328 nostre
509 4270 596 4344 sigillo
608 4272 722 4328 lecimus
732 4268 1024 4350 communire-‘Datum
1075 4288 1105 4328 su
1137 4272 1245 4329 Carolin
1265 4273 1307 4334 iis,
1323 4217 1372 4326 Yon
1391 4269 1494 4351 eaiud
1504 4277 1573 4333 erat,
1589 4276 1621 4324 ut
1640 4267 1766 4337 vidimus)
1779 4280 1854 4337 quani

240 4341 380 4408 lausana,
401 4351 559 4411 »utsupra
576 4341 624 4396 llis
637 4353 795 4409 responsum
812 4337 923 4394 Honoris
934 4346 1025 4395 exsut
1075 4349 1232 4400 tractatusa
1244 4290 1354 4398 streniae
1420 4340 1528 4395 babitus
1540 4353 1600 4394 cum
1615 4336 1767 4407 liudolpho,
1780 4349 1854 4405 quem

240 4412 310 4481 apud
334 4412 456 4467 eumdem
478 4412 563 4482 Rutu·
593 4409 670 4473 ¹286,
693 4408 765 4491 pl)
782 4415 842 4480 post
863 4407 1024 4490 consolides
1075 4412 1229 4483 Raynmdus
1247 4404 1856 4490 lidd,n.28)exms.oodiauiordanirebm

240 4495 357 4562 menses,
373 4480 505 4563 ⁸videlieet
522 4497 542 4561 ¹.¹
606 4479 625 4534 l.
649 4478 713 4534 iulii
734 4495 805 4535 anno
821 4494 853 4544 ιι,
879 4492 933 4533 nisi
954 4463 1064 4559 loisel)
1112 4482 1233 4538 «Tracta
1268 4479 1468 4563 lquoqiieait,
1484 4478 1556 4561 idem
1575 4475 1698 4559 pontifex
1719 4489 1780 4556 euni
1790 4476 1857 4556 dicto

239 4546 1026 4688 mildi::lliidliiiiitldibltifll'Pll?
1073 4545 1856 4690 dlialldlrlldlll?illidiliberetis

313 2879 395 2945 sorti,
423 2887 451 2934 et
478 2877 552 2933 Petri
574 2877 712 2948 prepositi
741 2887 770 2933 et
793 2876 873 2933 electi
907 2876 1028 2933 ecclesia
1077 2887 1217 2948 superstes
1231 2878 1292 2935 suit.
1305 2878 1486 2945 Quamobrem
1497 2893 1653 2948 supremam
1671 2893 1779 2959 quoque
1797 2877 1862 2931 lianc

240 4687 497 4812 {misinensiarchie
539 4695 603 4745 tunc
620 4688 746 4757 episcopo
759 4685 901 4743 Basilicusi
915 4696 1026 4756 propter
1073 4693 1222 4762 inregnum
1235 4688 1411 4752 Alamannia,
1424 4681 1749 4756 quoddabaturpostcris
1765 4681 1856 4738 liudol-

260 4771 323 4813 oca
341 4765 438 4812 luania
477 4757 593 4814 'centia
613 4757 757 4823 destinato,
780 4757 913 4812 innostra
926 4762 954 4810 et
970 4756 1026 4811 ira-
1110 4757 1374 4829 liuperpetuum;in
1438 4769 1502 4810 num
1510 4753 1663 4810 viennense
1672 4751 1856 4832 quoddabelqr

240 4835 312 4882 trum
331 4835 486 4883 nostrorum
522 4827 646 4883 resectio
661 4835 709 4883 luo
722 4827 832 4882 nomine
845 4840 907 4881 cuin
922 4825 1026 4880 instau-
1075 4847 1103 4886 iii
1122 4830 1213 4884 dotem
1227 4830 1304 4884 uxori
1316 4825 1405 4883 Caroli
1482 4822 1537 4880 telli
1550 4823 1615 4879 illice
1630 4819 1853 4889 dietiRudolpbi;

241 4897 278 4979 tia
296 4896 449 4980 postulante
474 4910 489 4949 a
514 4897 697 4981 tardiorem,
720 4895 968 4979 consecrationem,
998 4905 1027 4978 et
1079 4899 1114 4955 de
1129 4897 1205 4954 ltalia
1216 4913 1282 4980 resq
1292 4905 1391 4969 preter
1456 4908 1517 4976 ‘um
1529 4888 1857 4978 Sicilieduooegnaie»

241 4965 1029 5105 uuidafflumtemuiumumu
1079 4961 1613 5107 il‘abiulultdlliudlld
1626 4959 1856 5102 ibiibi&

241 5122 346 5230 cunqdie
367 5106 402 5161 sil
425 5105 459 5161 dc
477 5121 531 5161 uria
547 5105 589 5160 iel
600 5105 701 5176 duplici
726 5104 870 5178 legatione,
895 5122 905 5155 i
928 5102 1030 5160 ieslum
1079 5109 1186 5164 darum.
1213 5105 1269 5162 Nee
1298 5103 1412 5160 multum
1443 5102 1507 5158 bine
1535 5099 1638 5157 abludit
1662 5102 1801 5160 consilium
1820 5094 1853 5150 ir.

295 5195 301 5230 Ι

241 5175 300 5230 Pur·
322 5175 439 5232 cationis
460 5176 549 5247 primo
561 5187 705 5232 uenturum
719 5175 753 5231 de
777 5174 895 5246 ipsorum
912 5173 1031 5230 fratrum
1078 5176 1219 5233 llumlierti
1235 5175 1269 5231 de
1283 5174 1413 5232 Romanis
1425 5171 1484 5228 ord.
1499 5168 1587 5226 Pred-
1599 5179 1664 5226 ante
1676 5167 1810 5229 conciliil.

239 5245 353 5301 consilio
369 5244 563 5316 assignamus»
576 5243 750 5316 ailpontilex,
763 5245 804 5301 rel
815 5244 1027 5301 commodiorem
1079 5247 1208 5303 dimensis
1228 5261 1247 5303 ιι
1260 5242 1477 5306 celebrationem,
1498 5239 1613 5322 relatum
1624 5256 1641 5295 ι
1652 5239 1687 5298 cl.
1705 5240 1737 5296 P.

239 5315 319 5370 ubam
331 5315 412 5380 dem,
424 5316 448 5372 si
467 5314 574 5385 aliquod
592 5315 812 5385 impedimentum
830 5314 1025 5384 supervenerit.
1078 5318 1106 5372 in
1119 5317 1190 5373 notis
1208 5316 1243 5371 ad
1258 5313 1344 5385 Repu.
1357 5311 1447 5383 (12⁷5,
1466 5327 1493 5364 n·
1508 5307 1536 5380 o)
1548 5310 1592 5364 liis
1608 5310 1698 5368 serbis
1713 5327 1721 5364 :
1737 5327 1748 5364 ι
1772 5305 1808 5363 Ul
1824 5316 1854 5358 ω

240 5382 277 5437 ita
292 5385 430 5442 enimvero
452 5385 559 5450 accidit,
578 5391 608 5439 nt
659 5382 744 5440 utiles
768 5384 954 5455 praesagiebat.
979 5383 1027 5439 Ει-
1078 5395 1193 5442 vacante
1225 5381 1361 5457 (imperio)
1391 5379 1509 5437 ricariue
1528 5379 1723 5460 constituatur:
1748 5375 1788 5436 iel
1809 5384 1854 5428 rex

218 5454 311 5522 ,enim
324 5469 377 5510 non
393 5453 558 5510 modoanno
575 5454 627 5511 lie
659 5454 797 5520 stamdie,
814 5452 1027 5510 commodioriie
1078 5456 1216 5512 Teutoniae
1230 5454 1356 5522 deinceps
1374 5461 1424 5522 pei·
1439 5463 1647 5513 successionem,
1665 5464 1719 5506 nori
1740 5461 1787 5528 per
1804 5441 1854 5498 ele·

240 5521 292 5575 alia
309 5538 362 5578 nnii
387 5525 460 5580 veuit
483 5523 612 5589 Romam,
632 5523 681 5580 sed
704 5539 739 5581 ne
757 5539 829 5581 aniio
854 5522 962 5594 quidem
984 5538 1027 5578 se·
1078 5516 1855 5592 ctionemlleret3etquodcoutentusilleiicrmantams

240 5589 342 5658 quenti.
356 5592 395 5648 Ne
412 5601 503 5649 autem
524 5594 661 5649 imitemur
674 5607 732 5660 eos,
748 5594 794 5665 qui
810 5594 891 5649 rebus
904 5591 1024 5662 inexplo·
1077 5592 1181 5650 ltaliam
1200 5593 1247 5649 uni
1268 5592 1310 5648 vel
1327 5592 1432 5648 duobus
1492 5587 1552 5642 ibus
1565 5601 1607 5668 'ex
1619 5601 1753 5644 comensis
1764 5578 1854 5654 pruk-

243 5660 317 5722 ratis,
339 5663 443 5719 raritati
461 5660 551 5720 lucum
571 5663 755 5734 imprudenter
776 5662 895 5725 laciust.
911 5677 960 5719 eur
981 5678 1025 5719 ue·
1076 5673 1167 5721 torum
1182 5603 1853 5728 etcommunitatum‘fflxendismcrmitlerelzele·
