4050 6192
256 242 325 299 1327
554 311 556 316 Ι
693 243 724 299 Β.
744 244 870 301 catheti
891 243 998 301 blada]
1019 245 1094 303 OPP.
1117 247 1206 306 rans
1225 251 1256 305 ll.
1278 249 1398 308 SECTlO
1416 249 1448 306 lt.
1801 256 1854 315 liti

254 369 409 415 sanctorum
429 359 599 425 confidimns,
615 361 741 428 quinariam
755 375 834 414 onanc
846 374 914 428 epus
926 360 998 422 quod
1013 358 1043 413 ht
1058 366 1082 423 Α
1095 371 1122 415 ct
1140 362 1321 432 incorporales
1340 364 1385 431 pla
1409 370 1500 417 mento
1517 371 1694 416 transcamus.
1715 361 1807 421 Etenim
1817 370 1855 425 in-

254 430 282 486 in
297 430 345 485 hel
358 430 466 484 nomine
477 430 577 483 imnum
589 441 631 486 est
641 439 669 484 ct
679 438 812 484 sanetum.
824 429 902 484 blind
917 438 958 485 est
971 430 1043 483 enim
1094 432 1221 499 possibile
1235 441 1276 486 est
1294 442 1392 486 nestrae
1408 432 1538 486 montiad
1554 433 1855 505 incorporeaillapertin:
1946 453 1947 458 ¹

253 501 353 570 imago,
371 508 398 554 et
417 499 489 555 aliud
512 500 696 564 simulacrum,
721 500 748 554 id
771 506 822 563 est,
850 500 1042 555 statunculum.
1094 517 1167 571 gere,
1181 502 1301 558 coelestis
1314 502 1416 557 militiae
1432 502 1610 556 imitationem
1624 502 1802 573 visionemque,
1815 511 1855 565 nisi

198 570 202 576 '
257 568 368 637 Quarum
392 570 464 625 enim
488 570 560 625 heus
578 569 664 625 Adam
688 570 841 640 plasmavit,
868 569 993 625 videlicet
1017 575 1045 622 et
1095 571 1117 626 si
1131 586 1180 642 per
1194 573 1389 627 elementorum
1402 572 1550 642 poterimus
1564 570 1695 626 visibilem
1710 574 1817 629 decerem
1830 582 1855 634 ad

256 640 429 703 condidisset,
448 639 575 694 dicebat:
592 640 722 710 faciainus
745 640 874 693 hominem
892 639 927 693 od
947 639 1044 709 imagi·
1094 642 1256 697 invisibilem
1268 639 1530 712 pulcherrimamque
1546 641 1645 710 attingi
1662 641 1703 696 elii
1722 643 1778 706 iem,
1791 649 1856 701 ctvi·
1946 641 1947 646 '

255 719 443 765 semenstrem
458 719 481 763 ει
498 709 694 764 similitudieem
708 709 812 780 (Genea,
826 708 857 782 t),
877 718 904 764 et
916 708 979 763 iecit
992 709 1044 764 ho·
1095 710 1188 766 sibiles
1210 711 1413 781 odoriferasque
1434 712 1566 781 imagines
1594 659 1720 766 rationaff
1738 714 1857 772 traditione

256 781 355 833 minem
379 779 487 849 imagini
504 780 560 834 hei.
575 780 644 847 Quid
666 780 759 836 enim?
780 794 845 848 erge
870 779 932 848 quia
957 778 1046 848 image
1095 781 1243 837 invisibiles
1259 779 1391 852 praelulgi,
1406 789 1434 835 ct
1448 791 1582 835 cetera.»

254 849 389 904 esthemo
406 849 464 915 hei,
478 850 627 905 idololatria
637 858 688 915 est,
700 851 726 904 id
740 849 923 905 estidolorum
940 847 1046 902 cultura
1130 852 1159 906 ln
1174 851 1328 906 definitione
1345 851 1431 908 saneti
1447 852 1516 906 sexti
1534 859 1562 907 et
1579 852 1670 921 magni
1686 852 1792 916 ennodii,
1810 869 1856 925 cap.

254 927 297 974 est
320 927 348 974 et
369 920 512 989 impietas?
537 935 705 990 nequaqnam
733 919 790 972 liat.
812 919 842 974 st
864 920 938 974 enim
959 917 1046 972 Adam
1095 920 1149 977 82:
1167 939 1177 972 r
1194 921 1223 976 ln
1244 921 1404 993 quibusdam
1427 920 1621 976 venerabilium
1636 923 1857 993 imaginumpictn·

254 988 344 1059 lmage
359 989 520 1055 dememm,
534 989 654 1059 abjectus
666 988 717 1043 fuit
733 998 760 1044 et
773 987 985 1058 inacceptabilis,
999 987 1047 1043 sed
1096 991 1144 1055 ris,
1158 1006 1244 1061 agnus
1258 991 1342 1063 digito
1351 992 1528 1061 praecursoris
1541 999 1706 1046 monstratos
1718 993 1857 1060 designatur,

254 1059 318 1127 quia
337 1059 481 1128 imagollei
501 1067 552 1125 est,
569 1060 734 1116 honorabilis
751 1068 802 1125 est,
819 1068 847 1114 et
860 1057 1044 1128 acceptabilis.
1096 1062 1142 1129 qui
1160 1062 1309 1132 insignum
1326 1062 1437 1116 relictus
1455 1069 1497 1116 est
1511 1062 1615 1130 gratim,
1632 1077 1723 1115 veruna
1744 1063 1811 1117 nobis
1823 1080 1859 1134 per

252 1128 349 1184 (imnis
366 1130 438 1184 enim
453 1130 541 1200 image
558 1130 585 1184 in
606 1130 715 1185 nenaine
738 1129 846 1184 Domini
866 1137 913 1183 aut
935 1128 1046 1198 angelo·
1096 1130 1182 1201 legem
1207 1140 1418 1202 praemonstrans
1442 1146 1542 1201 agnum
1566 1130 1703 1185 Christum
1725 1131 1800 1186 herm
1822 1150 1859 1188 ro

254 1214 325 1264 rann,
339 1206 386 1253 ant
400 1200 603 1268 prophetarum,
617 1211 664 1254 aut
673 1199 868 1270 apostolerum,
883 1208 931 1253 aut
945 1207 1047 1268 marty·
1096 1210 1193 1265 strum,
1208 1201 1255 1270 qui
1268 1201 1379 1257 abstulit
1393 1209 1503 1272 peccata
1517 1201 1620 1255 muntii.
1634 1220 1643 1253 i
1659 1201 1693 1255 Et
1705 1208 1856 1271 postpauca:

254 1284 324 1333 rum,
348 1278 395 1325 aut
410 1268 546 1337 justorum
566 1279 660 1326 saneta
684 1279 746 1325 cst:
770 1287 823 1325 nen
849 1269 922 1325 enim
945 1269 1048 1338 lignum
1100 1270 1280 1326 «Secundum
1304 1272 1449 1326 humanam
1473 1271 1598 1340 figuram,
1620 1278 1649 1324 et
1675 1271 1859 1339 inimaginibus

254 1339 392 1402 adoratur,
416 1341 464 1394 sed
488 1340 511 1394 is
537 1342 583 1410 qui
609 1341 636 1395 in
662 1341 735 1411 ligne
759 1349 998 1403 commemoratur,
1021 1345 1048 1391 et
1097 1357 1169 1396 nunc
1192 1356 1241 1411 pre
1264 1342 1349 1396 veteri
1374 1355 1444 1410 agno
1468 1340 1602 1395 retitulari
1625 1339 1801 1403 decernimus,
1823 1359 1859 1412 per

254 1408 453 1478 eonteanplatns
472 1410 632 1465 honoratur.
654 1411 755 1466 Omnes
775 1410 849 1464 enlm
870 1409 1048 1463 noshonera-
1098 1411 1185 1480 ipsum
1203 1412 1363 1466 humilitatis
1377 1411 1546 1465 altitudinem
1560 1411 1608 1465 Dei
1621 1410 1701 1466 Verbi
1715 1411 1859 1465 considerare

254 1495 316 1534 mus
328 1477 435 1548 jndice·
448 1486 476 1532 et
488 1480 647 1542 salutamus,
668 1484 751 1536 etiam
769 1480 792 1535 si
813 1486 969 1550 peccateres
982 1479 1046 1532 sint.
1099 1490 1149 1546 tes,
1165 1490 1192 1536 ct
1210 1482 1415 1537 admemoriam
1430 1496 1489 1549 quer
1505 1481 1532 1535 in
1554 1495 1637 1535 carne
1658 1481 1769 1535 aetionis
1781 1481 1861 1550 quique

255 1547 325 1618 Quid
348 1563 423 1618 ergo,
447 1551 568 1618 uunquid
585 1567 638 1604 non
656 1552 786 1606 debemus
808 1550 921 1604 adorare
940 1557 1049 1602 sanctos
1098 1551 1232 1622 passionis
1246 1550 1304 1620 ejus
1319 1560 1346 1606 et
1359 1551 1506 1606 salutiferae
1519 1550 1616 1606 mortis
1634 1552 1755 1605 manibus
1766 1552 1859 1614 educati,

255 1619 303 1674 [lei
319 1633 422 1682 servos,
435 1628 463 1673 et
474 1629 585 1689 propter
602 1623 761 1675 memoriam
777 1635 872 1676 eorum
884 1619 1050 1674 constituere
1100 1630 1127 1678 et
1158 1637 1199 1677 nae
1216 1622 1250 1677 ab
1266 1621 1329 1676 hinc
1344 1620 1574 1676 laetaestmnndi
1589 1620 1746 1690 redemptio,
1758 1630 1826 1675 ete.»

254 1696 282 1744 et
294 1688 400 1760 erigere
424 1688 564 1760 imagines,
590 1691 662 1759 quod
683 1705 736 1746 non
759 1689 972 1747 obliviscantur?
995 1687 1048 1742 Sed
1065 1710 1086 1769 Β
1137 1637 1213 1747 {inde
1224 1700 1250 1746 ει
1259 1692 1354 1747 beatus
1365 1691 1530 1761 Augustinus
1538 1691 1565 1744 in
1578 1690 1768 1761 psalnrnmacn
1780 1690 1860 1758 iaqm:

255 1759 339 1823 elaces,
362 1760 425 1827 quia
446 1760 504 1828 ipse
518 1761 588 1816 heus
612 1762 741 1830 paecepit
756 1771 782 1816 et
803 1776 857 1815 non
873 1760 986 1813 adorare
999 1773 1050 1812 nos
1104 1780 1113 1812 (
1131 1761 1160 1816 si
1172 1772 1262 1816 autem
1274 1777 1327 1816 noo
1343 1762 1440 1816 aderas
1449 1761 1591 1816 inchriste
1600 1761 1650 1814 ista
1664 1768 1776 1822 terrena,
1788 1776 1862 1828 quam

255 1828 434 1884 raiannlaetos.
448 1830 497 1884 [lic
508 1828 610 1899 itaque,
620 1846 637 1885 e
647 1827 749 1894 ludaec,
764 1830 843 1901 quale
853 1844 933 1898 super
948 1838 1049 1882 terram
1100 1833 1141 1887 vis
1154 1832 1188 1887 de
1212 1832 1264 1887 illis
1278 1832 1425 1887 similitudo
1439 1831 1561 1901 quedam
1584 1830 1645 1885 data
1659 1838 1722 1895 est,
1740 1831 1799 1884 adsi
1830 1831 1863 1884 'aa

254 1899 790 1970 nenestmanuiactunapostfacturam
811 1897 1050 1969 praepraeceps?
1099 1902 1214 1957 candum
1228 1902 1381 1957 sanctosde
1416 1916 1556 1970 uacuaque
1572 1900 1780 1955 creaturadncta
1810 1900 1864 1954 uerit

254 1985 317 2025 arca
336 1969 384 2024 Dei
405 1985 466 2039 quaa
482 1985 515 2025 cx
532 1969 611 2041 lignis
635 1970 739 2025 Sethim
758 1970 888 2024 fabricata
908 1977 950 2024 est
968 1975 1050 2037 atquc
1100 1972 1257 2036 similitude,
1288 1981 1316 2028 tu
1336 1917 1455 2042 intciiige
1479 1970 1684 2026 similitudinem
1704 1977 1863 2028 amatum

253 2047 421 2104 constructa,
441 2056 495 2094 non
517 2040 567 2095 init
586 2039 758 2096 manufacta?
772 2049 799 2094 et
821 2040 906 2095 altare
919 2047 947 2094 et
958 2039 1050 2108 propl-
1099 2043 1183 2098 adora
1195 2043 1324 2098 artiheem
1338 2050 1477 2106 creaturae,
1490 2049 1517 2095 et
1527 2049 1635 2095 caetera.
1648 2060 1657 2092 ι

253 2108 405 2175 timerium,
421 2117 449 2165 et
459 2126 538 2176 urna,
556 2127 616 2180 quae
631 2112 725 2166 habuit
738 2126 845 2175 suranna,
864 2117 890 2164 et
904 2124 1007 2174 mensa,
1022 2119 1050 2161 et
1134 2112 1295 2168 itemsaneti
1306 2111 1446 2167 Athanasii
1461 2111 1580 2182 episcopi
1589 2109 1770 2174 Alexandrini,
1785 2110 1813 2164 dc
1823 2109 1864 2164 hn-
1946 2125 1947 2148 ι

254 2179 375 2242 lucerna,
398 2189 425 2235 ct
443 2182 647 2236 tabernaculum
672 2180 794 2242 inferius,
813 2190 841 2235 et
863 2181 982 2234 exterius
994 2193 1049 2232 non
1100 2183 1254 2238 manatione
1267 2182 1384 2246 Domini,
1398 2181 1592 2250 cujnsinitium
1603 2196 1631 2234 :c
1648 2178 1865 2250 sufficienterque

203 2255 206 2264 '
254 2249 364 2305 inerunt
386 2267 417 2305 ex
441 2252 711 2320 operibusntaauum
728 2251 867 2306 honrinum
890 2265 950 2319 quar
969 2248 1048 2304 Salo·
1100 2255 1161 2307 dem
1181 2252 1271 2309 dehis
1297 2251 1489 2321 multispauca
1511 2259 1648 2306 sumentes
1669 2249 1863 2305 intimavimus·

254 2335 316 2375 rnen
330 2317 412 2375 iecit?
428 2331 456 2376 et
470 2331 623 2377 cursaneta
635 2330 793 2376 sanctorum
807 2329 938 2376 vocantur
951 2334 1048 2373 manu-
1099 2322 1134 2377 Et
1148 2330 1223 2392 post:
1258 2340 1267 2374 c
1285 2324 1362 2379 Sicut
1383 2338 1415 2377 ea
1431 2339 1491 2392 quae
1508 2322 1638 2377 scribitur
1666 2320 1695 2376 in
1712 2321 1785 2390 lignis
1798 2319 1865 2374 lerna

254 2390 325 2446 lacta
337 2391 512 2447 exsistentia?
535 2393 573 2446 ita
593 2393 732 2449 clrerebim
754 2403 781 2447 et
803 2406 930 2446 senarum
943 2390 1049 2443 alarum
1099 2393 1200 2448 abolita
1212 2391 1866 2460 exterioribussordihus,iterumnecesseidipsnn

254 2461 282 2516 in
300 2461 415 2517 circuitu
429 2463 609 2531 propitiatorii
627 2478 681 2517 non
695 2460 805 2516 fuerunt
825 2469 923 2516 statue
936 2468 964 2514 et
981 2459 1050 2513 ima·
1101 2463 1256 2534 recuperari
1268 2473 1350 2534 atque
1363 2463 1435 2517 uniri
1459 2463 1483 2518 is
1502 2461 1580 2532 cujus
1592 2467 1634 2517 est
1655 2459 1751 2523 iorma,
1770 2471 1795 2514 nt
1807 2463 1867 2515 inne

254 2531 331 2603 gincs
344 2531 501 2602 angelorum
516 2548 598 2602 opera
618 2547 746 2586 manuum
763 2530 921 2587 bominum?
933 2531 967 2585 Et
982 2545 1048 2599 quo
1100 2533 1158 2587 'vari
1172 2533 1258 2602 possit
1274 2535 1363 2602 imago
1378 2534 1405 2587 in
1418 2534 1513 2589 cadem
1529 2532 1642 2587 materia
1656 2531 1865 2600 atqueclementc.

253 2603 335 2657 medo
348 2617 402 2657 nen
421 2600 602 2670 abjiciuntur?
622 2602 675 2657 Sed
689 2603 752 2672 quia
765 2617 813 2671 per
823 2609 987 2671 praeceptum
1001 2598 1048 2653 hei
1099 2602 1152 2657 Per
1177 2602 1236 2671 ejus
1264 2605 1337 2659 caim
1366 2602 1483 2658 termam
1506 2611 1534 2658 et
1558 2602 1616 2672 ipsa
1647 2602 1762 2656 materia
1792 2600 1867 2654 ubict

253 2672 385 2744 imagines
403 2670 481 2728 sactae
503 2681 565 2727 sunt
590 2672 756 2743 angelorum,
776 2681 869 2726 saneta
887 2679 960 2735 sunt,
985 2669 1049 2723 licet
1099 2674 1281 2730 conscribitur
1299 2690 1353 2730 non
1374 2671 1512 2741 dejicitur,
1532 2674 1580 2728 sed
1598 2672 1627 2727 in
1645 2687 1681 2726 ea
1706 2671 1760 2740 ipsa
1771 2669 1866 2740 eeoiigu

253 2750 351 2798 statuae
365 2742 475 2797 inerint.
493 2743 600 2799 Etenim
616 2743 688 2798 idola
710 2742 843 2813 gentium,
867 2740 931 2812 quia
950 2739 1048 2809 imagi·
1100 2752 1185 2799 ratur.
1209 2765 1218 2798 r

253 2829 302 2868 nes
320 2812 429 2868 luerunt
447 2813 610 2880 daemonum,
633 2815 704 2870 Dens
727 2811 866 2882 probibuit
879 2819 907 2866 et
925 2812 1049 2867 condere-
1131 2808 1200 2870 ltcm
1210 2814 1423 2871 heatihmhrosii
1435 2811 1642 2870 hledielanensls
1653 2811 1771 2882 episcopi
1781 2807 1867 2864 aetra
1946 2865 1947 2880 i

253 2884 329 2938 navit
340 2899 397 2939 cas.
410 2881 465 2938 Nes
479 2892 573 2940 antem
586 2884 620 2939 ad
634 2885 793 2939 memoriam
808 2889 963 2937 sanctorum
979 2881 1049 2935 ima·
1100 2882 1203 2942 tianum
1213 2885 1412 2957 imperatorem,
1427 2900 1460 2940 ex
1471 2884 1540 2940 libro
1553 2898 1596 2947 na,
1608 2897 1669 2951 cap.
1686 2883 1718 2937 9:
1733 2877 1866 2948 rhuvrqaid
1946 2901 1947 2944 ι

253 2956 331 3024 gines
345 2952 459 3009 iacimus
473 2952 599 3019 hbralue,
614 2953 709 3024 lieysi,
725 2962 753 3008 et
766 2953 841 3017 Elian,
857 2953 941 3018 isaim,
955 2961 982 3007 et
995 2951 1047 3006 Za·
1099 2969 1144 3021 ne,
1170 2961 1277 3026 quande
1294 2964 1321 3011 et
1335 2956 1462 3011 deitatem
1486 2964 1514 3010 ct
1528 2965 1636 3010 carnem
1655 2951 1717 3034 cp'us
1736 2952 1866 3027 adorarunt,¹

253 3025 365 3088 eharie,
384 3031 412 3078 et
433 3023 600 3092 reliquorum
624 3026 826 3094 prophetarum,
851 3024 1046 3146 assostolerum,
1061 3053 1085 3117 c
1100 3024 1244 3082 dividimus
1267 3025 1423 3081 Christum?
1458 3024 1513 3079 Ant
1534 3021 1641 3095 quaudo
1671 3038 1699 3077 rn
1719 3023 1774 3092 ipse
1795 3029 1819 3076 ct
1832 3018 1867 3072 ha

253 3104 282 3149 et
301 3101 451 3163 martyrum
469 3103 636 3160 sanctornm,
660 3093 706 3164 qui
728 3101 838 3174 prepter
888 3109 950 3147 eum
975 3093 1047 3146 inte·
1100 3094 1245 3178 imaginem
1263 3103 1291 3156 et
1313 3111 1422 3152 crucem
1446 3096 1608 3159 adoramuS,
1636 3094 1781 3150 dividimus
1802 3088 1867 3144 cunr!

255 3163 355 3233 recepti
381 3171 455 3227 sunt,
485 3172 516 3217 ut
533 3164 632 3229 omnis,
652 3165 697 3234 qui
714 3164 787 3218 videt
807 3177 853 3218 eos
873 3162 900 3216 in
920 3161 1046 3232 imagine,
1099 3164 1214 3221 Absit.»

254 3240 423 3288 memoretur
438 3248 544 3298 eornm,
563 3240 591 3288 et
602 3234 734 3304 glorificet
747 3233 831 3287 [leuna
853 3231 899 3301 qui
914 3231 1048 3302 gloritlca-
1133 3234 1199 3291 item
1218 3236 1289 3294 beati
1300 3234 1422 3306 Gregorii
1435 3234 1550 3308 Nysseni
1566 3235 1699 3305 episcopi,
1718 3234 1785 3289 inter
1798 3230 1867 3299 ptura,
1946 3257 1947 3266 ι

254 3302 361 3358 viteos.
381 3301 463 3358 lleect
480 3303 553 3357 enim
576 3303 616 3359 eis
635 3304 723 3359 bonor
741 3311 770 3356 et
784 3303 906 3357 adoratio
928 3309 956 3357 ct
975 3317 1048 3357 com·
1099 3305 1144 3360 ubi
1164 3308 1197 3363 de
1216 3307 1353 3362 Abraham
1368 3321 1521 3362 sermonem
1545 3304 1663 3360 institnit
1683 3323 1690 3361 :
1714 3301 1797 3358 ‹llidi
1818 3301 1867 3353 ine
1946 3299 1947 3316 ¹

254 3371 392 3429 mendatio
405 3373 552 3428 secundum
561 3371 697 3441 justitiam
719 3388 823 3440 corum,
840 3381 870 3427 ut
890 3386 985 3427 ornnes
1001 3371 1048 3442 qui
1097 3375 1187 3457 giuem
1199 3377 1377 3446 passionis‚et
1390 3393 1443 3432 non
1454 3378 1512 3431 sine
1523 3376 1651 3446 lacrymis
1661 3374 1789 3436 visionem
1798 3378 1868 3424 trans

255 3442 348 3498 vident
359 3458 417 3510 ees,
432 3441 572 3509 festinent,
594 3453 621 3499 et
643 3443 694 3516 ipsi
708 3443 860 3498 imitatores
883 3442 941 3498 lteri
962 3444 1049 3498 aetio·
1098 3445 1145 3508 rvi,
1156 3461 1237 3517 opere
1250 3446 1317 3501 artis
1329 3448 1363 3502 ad
1378 3446 1474 3503 faciem
1486 3447 1621 3501 deducens
1630 3444 1782 3505 historiam,
1793 3449 1855 3494 ete.»

253 3527 319 3578 num
329 3527 434 3568 eorum.
448 3512 514 3581 Quae
532 3514 604 3568 enim
619 3522 662 3569 est
679 3514 803 3569 adoratio
820 3513 872 3568 nisi
887 3513 974 3568 bonor
988 3522 1048 3568 tau·
1132 3515 1199 3571 item
1212 3516 1303 3587 ipsein
1315 3516 1539 3586 interpretatione
1552 3514 1700 3570 iaGantica
1708 3512 1867 3569 canticorum:

254 3584 411 3640 tummede?
429 3583 500 3639 sicut
525 3592 555 3639 et
579 3600 630 3640 nos
651 3594 809 3655 peccatores
836 3583 990 3647 aderamus,
1020 3590 1048 3639 et
1101 3585 1205 3642 eSieut
1231 3602 1296 3641 vero
1312 3587 1465 3657 conscripta
1486 3585 1618 3650 doctrina,
1644 3583 1759 3639 materia
1768 3579 1869 3651 quadan

253 3652 404 3709 salutamus
433 3669 483 3709 nos
507 3654 668 3714 alterutrum
694 3655 842 3709 secundum
860 3654 991 3709 honorem
1020 3661 1048 3709 ct
1097 3664 1150 3719 est,
1169 3657 1207 3711 ita
1230 3656 1340 3713 omnino
1355 3657 1382 3712 in
1394 3655 1507 3711 diversis
1522 3654 1658 3720 tincturis,
1683 3670 1744 3724 quae
1757 3648 1868 3726 complent

252 3722 434 3778 dilectionem.
454 3723 561 3779 Etenim
576 3725 660 3780 ileum
671 3734 794 3780 nostrum
812 3724 891 3778 aliter
903 3723 1048 3779 adoramus
1098 3726 1438 3790 animantisimitatiooem,
1450 3728 1496 3796 qui
1510 3739 1575 3782 vero
1586 3724 1621 3778 ad
1633 3723 1869 3794 imaginemcoopt·

252 3793 484 3864 ctglerillcamus,
496 3803 524 3849 et
538 3794 781 3850 contremiscimus.
804 3794 895 3876 imago
915 3805 957 3849 εει
974 3793 1049 3849 simi-
1097 3796 1134 3851 cit
1154 3811 1187 3851 ex
1202 3798 1297 3852 eadem
1316 3809 1375 3852 arte
1391 3811 1439 3867 per
1453 3797 1557 3852 coleres
1576 3795 1741 3864 completam
1759 3788 1868 3872 tabulam,

252 3861 340 3919 litude
359 3863 416 3932 ejus
440 3866 489 3935 qui
511 3864 538 3919 in
558 3880 589 3921 ea
601 3865 770 3935 conscriptus
788 3873 845 3930 cst;
861 3863 936 3933 ampli
954 3872 1047 3919 autem
1098 3882 1151 3921 non
1166 3865 1408 3937 tincturispraeiert
1420 3865 1688 3934 contemplationem,
1702 3862 1749 3918 sed
1761 3869 1868 3914 vasantem

227 3933 299 4002 ‘qni
324 3935 425 3989 benum
450 3950 503 3990 non
530 3944 623 4006 agunt,
649 3949 736 4004 neque
754 3943 911 3990 sanctorum
930 3948 1048 3990 comme·
1097 3936 1231 4006 depictam
1253 3937 1386 4006 conspicit
1402 3936 1597 4000 tantummodo,
1620 3950 1705 4004 qnam
1719 3947 1767 4004 per
1785 3929 1869 3985 mlottt

225 4045 229 4063 ι
252 4013 400 4070 irrorantes,
416 4019 469 4059 nen
491 4006 662 4074 prohibeant,
688 4020 776 4074 neque
792 4004 976 4061 scandalizent
998 4019 1047 4061 eos
1096 4007 1226 4078 magister
1241 4007 1471 4062 demonstravitt
1946 4067 1947 4072 ἵ

252 4073 299 4143 qui
320 4073 502 4140 benefaciunt,
522 4083 549 4129 et
569 4075 701 4130 honorant
718 4070 1045 4140 sanctosctscrvesllel,
1131 4076 1365 4147 Leontiiepiscopi
1378 4075 1490 4145 Neapoli
1502 4073 1593 4146 Cypri,
1613 4074 1641 4128 in
1652 4075 1749 4143 quinto
1766 4079 1869 4125 manent
1946 4079 1947 4082 ’

252 4149 280 4196 ει
296 4154 544 4200 commemorantur
566 4159 670 4209 eorum,
695 4146 849 4201 mercedem
872 4145 945 4200 enirn
967 4145 1046 4201 bonae
1096 4162 1144 4218 pro
1165 4154 1205 4202 ιε(
1218 4146 1435 4203 Christianorum
1459 4159 1617 4214 responsum
1631 4140 1868 4199 adversastudaes
1946 4169 1947 4174 κ

251 4215 418 4283 operationis
440 4215 588 4285 accipient;
615 4215 690 4284 impii
711 4230 776 4270 vcro
796 4217 946 4271 secundum
973 4214 1045 4285 qued
1096 4163 1169 4272 stalis
1185 4216 1346 4288 imaginibus
1363 4222 1540 4272 sanctornm:
1559 4213 1663 4269 «Nunc
1677 4229 1743 4269 vere
1759 4212 1791 4266 de
1804 4222 1869 4261 voe·

252 4284 450 4354 cogitaverunt,
459 4285 597 4341 habebunt
610 4285 786 4340 desolationis
799 4285 1044 4351 inhonorationem,
1096 4286 1189 4343 randis
1199 4287 1333 4357 pictisque
1347 4287 1511 4357 imaginibus
1525 4299 1684 4366 responsum
1699 4282 1831 4340 faciamos,
1848 4282 1870 4356 vl
1946 4295 1947 4330 l

251 4354 323 4410 sieut
337 4355 364 4410 id
378 4356 449 4425 qued
463 4355 567 4424 justum
579 4354 754 4426 negligentes,
772 4363 800 4410 et
816 4356 957 4410 abomine
972 4370 1045 4410 reee-
1096 4358 1273 4413 obstruantur
1298 4373 1346 4413 era
1368 4356 1536 4427 loquentium
1566 4354 1749 4424 iniquitatem.
1784 4345 1871 4418 hegalts
1946 4371 1947 4380 ι

250 4424 362 4489 dentes;
382 4434 492 4495 propter
506 4426 665 4480 memoriam
688 4441 804 4495 namque
828 4427 855 4480 in
879 4425 1044 4495 imaginibus
1057 4406 1083 4470 Ῑ)
1095 4428 1201 4484 enimet
1213 4429 1271 4483 hare
1282 4426 1410 4493 traditio,
1424 4433 1452 4482 et
1462 4425 1524 4481 auth
1539 4425 1623 4480 ileum
1633 4426 1768 4480 dicentem
1780 4420 1810 4474 ad
1816 4418 1870 4484 liep-

251 4494 470 4558 eerascribnnter,
482 4504 510 4551 et
522 4496 697 4559 honorantur,
713 4496 768 4550 ime
778 4504 806 4551 et
822 4495 969 4550 adorantur
981 4510 1044 4550 san·
1095 4514 1166 4554 scm:
1185 4497 1318 4568 imagines
1333 4496 1401 4552 ditm
1412 4495 1545 4550 cherubim
1558 4511 1653 4549 careres
1670 4491 1814 4569 inscalptae
1823 4502 1871 4568 ccv·
1946 4537 1947 4540 ,

250 4563 288 4617 cti
305 4565 376 4619 sicut
398 4564 468 4618 servi
493 4565 551 4629 Dei,
575 4573 606 4618 nt
627 4581 678 4634 pre
706 4567 784 4620 uobis
806 4565 974 4621 divinitatem
989 4567 1044 4621 siet
1093 4579 1165 4624 strue
1176 4567 1358 4623 obumbrantes
1371 4566 1581 4638 propitiatoriam
1597 4563 1698 4636 (Erec.
1715 4578 1767 4616 nav
1781 4560 1871 4613 datm·

245 4642 405 4702 'exemutcs
432 4642 514 4704 atquc
542 4634 736 4703 implorantes,
763 4635 873 4707 dignum
902 4636 975 4691 enim
1001 4642 1044 4690 cst
1094 4655 1164 4703 rum,
1185 4636 1314 4707 templum
1331 4639 1403 4706 qnod
1419 4634 1537 4691 ostendit
1555 4634 1626 4689 heus
1652 4634 1752 4689 Ezechi
1779 4623 1871 4681 'afe-

251 4705 459 4759 commemerari
474 4707 613 4760 doctorum
632 4714 795 4768 uestrorum,
816 4713 843 4760 et
854 4708 958 4778 gratias
976 4706 1044 4762 reic-
1094 4710 1155 4776 ricc,
1171 4706 1556 4789 delegationemetleennm,
1571 4705 1740 4758 ctlrcminnm
1753 4712 1776 4755 ει
1789 4697 1872 4754 Cieri-

253 4772 349 4828 rendo.
367 4793 377 4827 i
1094 4780 1146 4833 iim
1163 4797 1179 4833 a
1191 4786 1340 4902 fenerante
1352 4777 1421 4847 ejas,
1435 4791 1516 4846 esque
1527 4775 1700 4828 odramcram
1712 4773 1771 4826 tecti
1779 4765 1869 4840 (Such

285 4841 352 4899 item
369 4846 456 4900 saneti
474 4844 593 4916 Dionysii
605 4845 775 4916 Areopagite
795 4845 968 4903 Atheniensis
986 4848 1044 4917 cpi·
1094 4867 1142 4916 xu;
1157 4847 1187 4903 ii
1219 4848 1285 4912 lieq.
1300 4847 1348 4916 vv),
1363 4855 1437 4902 ecrtc
1450 4843 1579 4900 terribilis
1593 4859 1694 4910 sermo,
1704 4842 1749 4912 qui
1763 4834 1870 4915 precepi

250 4914 335 4986 scopi,
349 4916 377 4971 in
388 4916 501 4987 epistola
515 4932 597 4986 quarn
609 4918 717 4987 scripsit
730 4918 763 4971 ad
778 4926 901 4973 sanctum
912 4918 1043 4974 loannem
1093 4918 1182 4975 israeli
1203 4933 1236 4974 ne
1257 4903 1357 4972 iaceret
1371 4916 1509 4986 quodlibet
1533 4914 1665 4985 sculptile,
1690 4926 1778 4981 neque
1792 4911 1870 4974 intap-

249 4988 453 5057 evangelistam,
467 4988 538 5041 inter
549 4996 657 5054 cetera,
673 4989 782 5058 inquit:
799 5006 809 5039 (
826 4988 897 5056 Quid
909 4989 1041 5055 mirabile,
1093 5005 1165 5054 nem,
1182 5003 1271 5058 neque
1282 4986 1487 5057 ¹similitudinem
1499 5000 1560 5054 quae
1574 4993 1638 5039 sunt
1650 4985 1677 5038 in
1692 4984 1771 5045 coelo,
1783 4987 1807 5033 et
1822 4987 1870 5054 qe?

250 5055 273 5111 si
288 5053 412 5114 Christus
431 5073 512 5113 verax
529 5065 556 5113 et
569 5057 722 5128 discipulos,
734 5059 831 5129 inquit,
847 5060 880 5114 dc
895 5059 1043 5114 claritatibus
1093 5068 1157 5116 sunt
1173 5060 1200 5114 in
1217 5067 1299 5123 terra,
1320 5057 1376 5126 ipsc
1392 5055 1521 5126 praecepit
1542 5054 1627 5124 bloysl
1652 5053 1743 5108 iacere
1755 5042 1870 5117 sculptili

250 5126 367 5195 ejicient,
378 5125 430 5198 ipsi
447 5129 526 5198 digne
548 5128 598 5183 sibi
610 5127 773 5197 judicantes,
790 5141 817 5185 et
842 5132 874 5185 de
890 5146 968 5185 sacro
985 5144 1043 5184 see·
1092 5130 1219 5185 animalia
1232 5137 1260 5183 et
1273 5127 1423 5184 cherubina.
1438 5125 1516 5182 Unde
1532 5133 1560 5180 et
1572 5124 1701 5182 Salonmn
1714 5138 1747 5177 ex
1761 5121 1813 5190 lege
1824 5128 1871 5170 sas

250 5192 327 5250 lerati
347 5199 521 5264 interdicunt,
536 5206 564 5253 et
583 5199 739 5253 recedentes
751 5216 767 5254 a
779 5201 894 5256 veritate
915 5208 943 5254 et
957 5201 1044 5254 mani·
1092 5201 1196 5270 cipiens
1223 5198 1329 5269 signem
1346 5197 1454 5267 plenum
1478 5195 1543 5251 lecit
1558 5195 1689 5265 templum
1705 5207 1760 5248 τετε
1781 5182 1870 5242 etsvti

251 5263 322 5320 teste
331 5266 461 5337 imagines
480 5277 544 5323 sunt
558 5268 677 5323 visibiles
691 5269 875 5334 invisibilium,
899 5287 949 5326 nce
970 5272 1043 5325 etaim
1092 5270 1167 5342 ptile,
1190 5279 1218 5326 et
1234 5268 1322 5333 lusile,
1337 5268 1454 5331 leonum,
1471 5267 1562 5330 boum,
1587 5275 1616 5320 ct
1631 5264 1780 5335 palmarum
1791 5267 1817 5340 ει
1831 5256 1871 5311 ht·

251 5332 279 5413 in
290 5337 396 5393 secatis
421 5337 674 5407 supervenientibus
696 5340 838 5409 culpabilis
860 5342 914 5396 crit
934 5357 968 5395 cx
984 5341 1043 5411 eius
1092 5343 1206 5406 utineam,
1222 5347 1250 5394 ct
1263 5354 1316 5393 raon
1328 5345 1371 5393 est
1395 5335 1577 5407 reprehensus
1590 5351 1606 5390 a
1618 5335 1683 5389 nce.
1721 5332 1751 5386 Si
1762 5336 1871 5384 enimet

249 5408 354 5473 iustitia
367 5408 597 5477 respondebo.»
1094 5412 1291 5482 reprehendere
1312 5407 1354 5463 vis
1372 5424 1421 5480 pro
1438 5406 1609 5476 imaginibus,
1626 5402 1790 5473 reprehende
1801 5400 1871 5454 brun

270 5472 350 5554 'item
365 5477 485 5547 ejusdem
506 5478 540 5534 de
559 5478 662 5534 coelesti
678 5478 780 5546 Militia,
797 5489 823 5535 et
838 5480 905 5535 inira
921 5500 927 5536 :
946 5481 1044 5537 ‹Praa-
1112 5485 1139 5543 ui
1151 5483 1209 5538 baec
1223 5480 1282 5535 heri
1289 5478 1383 5549 jussit,
1398 5479 1426 5533 in
1445 5478 1576 5531 memoria
1590 5475 1647 5543 ejus
1662 5488 1725 5528 esse
1737 5479 1870 5554 ¹ergapq·

250 5543 322 5599 abeta
334 5548 407 5603 enim
420 5548 577 5618 incorporea
593 5550 699 5620 agmina
713 5551 827 5605 diversis
839 5550 973 5607 celeribus
984 5551 1043 5607 essi-
1092 5498 1201 5608 iudaeus
1212 5551 1292 5615 divit,
1310 5550 1358 5606 sed
1372 5564 1426 5604 non
1442 5545 1621 5601 adorabantur
1637 5544 1700 5608 illae,
1719 5549 1787 5596 sient
1798 5540 1830 5620 dp
1842 5548 1872 5613 ⁵!-

250 5626 391 5682 purantur,
402 5619 643 5688 eonvpesitionibus
656 5620 747 5686 variis,
763 5630 897 5691 quatenus
910 5625 949 5678 sic
961 5625 1042 5677 tacite
1092 5621 1269 5685 militudines,
1291 5621 1339 5677 sed
1352 5618 1482 5675 memoria
1491 5615 1676 5671 tantummode
1690 5613 1783 5667 hebet.
1806 5607 1871 5662 (hrt-

251 5687 429 5755 uesmctipsos
449 5702 499 5755 per
513 5689 708 5745 sacratissimas
726 5691 826 5763 effigies
850 5693 883 5746 ad
906 5693 1042 5763 simplices
1093 5694 1197 5751 stianus
1211 5692 1288 5758 divit,
1308 5691 1376 5747 benc
1395 5688 1504 5756 dixisti,
1520 5702 1607 5758 neque
1628 5682 1774 5741 anobisut
1787 5678 1821 5735 dii
1834 5672 1872 5728 ad·
