4050 6192
231 333 286 390 203
671 335 700 388 B.
721 332 847 390 cinola
866 334 972 390 tinent
991 333 1070 392 eet.
1087 333 1177 390 PARS
1195 335 1215 392 Ι.
1237 335 1358 394 sectio
1375 337 1418 392 tlt.
1819 341 1873 400 20⁴

231 448 358 522 populum
371 448 502 512 esistunt,
525 464 574 519 pro
588 464 642 518 qno
658 450 828 516 beomensi,
843 451 951 520 penitus
967 467 1026 506 orn-
1040 459 1063 522 g
1079 451 1270 516 invenerimus,
1281 454 1417 509 ueraciter
1428 461 1557 523 tanquam
1573 453 1702 511 inimicos
1711 462 1814 514 metm
1826 457 1874 513 ilci

230 542 447 597 niumimnorum
460 540 628 613 largitorem,
645 542 811 612 rogabimus,
826 542 1025 615 robisibnmb„
1078 546 1206 604 Ecclesiae
1217 555 1246 602 et
1256 557 1364 604 nostros
1375 549 1509 619 proprios,
1523 548 1560 604 ita
1570 563 1618 605 eos
1628 552 1782 621 respuimus
1793 563 1875 622 atque

229 647 253 686 r.
268 631 315 711 qui
326 628 365 703 n]
376 630 486 702 pmboe
499 630 637 702 praecipuo
656 646 688 686 ac
702 630 748 702 piu
763 646 844 704 opere
856 632 893 687 sit
909 633 1028 700 retribu·
1077 640 1276 711 persequimur,
1288 640 1352 710 qnia
1363 642 1450 697 vestri
1460 640 1541 697 amici
1567 650 1669 698 sanctae
1682 641 1876 700 Deiblooiestae

229 737 280 792 tor,
302 731 453 783 obtentam
466 726 660 800 benignitatem
670 733 698 779 et
710 726 930 792 sollicitudinem,
945 739 1028 796 quam
1076 739 1104 786 ot
1122 730 1210 790 nostri
1233 731 1365 796 esistunt,
1378 739 1404 787 et
1427 731 1455 788 bi
1467 724 1515 802 qui
1536 731 1695 790 inimicitias
1716 738 1877 792 muneror

228 820 300 876 circa
316 827 437 875 sanctam
458 817 506 873 bei
526 817 688 873 catholicam
702 826 729 874 et
746 817 921 889 apostolicam
934 817 1028 874 Eccle·
1076 821 1279 887 machinantur,
1291 820 1414 893 prolecto
1422 822 1526 880 inimici
1538 829 1639 881 sanetae
1649 822 1697 882 bei
1707 823 1836 882 Eeclesiae
1846 833 1874 882 et

227 915 297 969 siam
308 908 888 992 vclcjussamiliarem[Grets.,peculiarem]
898 909 1026 981 populum
1076 916 1164 972 nostri
1178 930 1238 972 esse
1253 916 1474 986 comprobantur.

228 1003 330 1059 haltere
344 1000 527 1059 dinoscimini.
1115 1005 1152 1064 lis
1163 1006 1256 1062 missis
1268 1021 1334 1062 uero
1349 1007 1495 1064 vestrisne
1509 1014 1624 1070 noctus,
1636 1006 1702 1077 qaia
1713 1007 1748 1065 sd
1768 1008 1874 1079 regist!

263 1091 319 1148 Sed
339 1098 368 1147 et
383 1092 437 1147 lroc
451 1089 478 1145 in
504 1089 572 1163 ipsis
598 1090 698 1146 uestris
717 1089 879 1148 relationum
902 1090 1027 1161 apicibus
1077 1094 1264 1152 urbemsimul
1281 1102 1512 1167 properaverunt,
1536 1095 1571 1150 de
1594 1095 1695 1165 quibus
1721 1095 1801 1165 petiit
1823 1108 1874 1150 uon

226 1182 428 1248 continebatur,
446 1196 496 1253 per
508 1189 616 1238 vestros
626 1180 704 1237 vobis
720 1177 805 1237 inisse
819 1180 973 1236 nuntiatum
988 1181 1027 1237 le·
1078 1193 1168 1242 uestra
1180 1186 1310 1257 prmcisra
1321 1185 1481 1242 excellentia
1491 1185 1627 1244 sibimeta
1640 1184 1874 1256 nobissiguiilcsri

227 1281 320 1344 gatos,
340 1272 413 1345 quod
436 1270 629 1343 aquibusdam
654 1272 781 1343 malignis
802 1280 830 1328 et
854 1272 1047 1348 mendacium,
1077 1276 1101 1332 sl
1120 1276 1227 1346 quidex
1242 1276 1592 1347 eisnddiseerepotuirnus,
1615 1285 1763 1347 cognoscat
1780 1286 1871 1341 restra

227 1362 463 1437 proferentibus„
479 1364 506 1417 in
530 1362 590 1418 istis
613 1362 735 1433 partibus
759 1361 926 1433 divulgatum
954 1369 1028 1418 essct
1077 1365 1163 1422 aliea
1185 1373 1308 1440 protecta
1331 1365 1474 1422 eximietas
1486 1365 1558 1435 quod
1573 1365 1600 1420 in
1621 1365 1665 1424 his
1677 1365 1773 1422 diebus
1789 1365 1874 1440 200

228 1458 303 1528 quia,
319 1456 341 1512 si
353 1454 444 1526 aliqua
457 1453 536 1508 nobis
547 1454 694 1508 necessitas
705 1450 845 1517 eveniret,
859 1452 963 1507 nullum
976 1469 1027 1508 no·
1077 1456 1145 1514 nibil
1170 1457 1204 1514 ab
1222 1457 1288 1528 ipsis
1309 1470 1475 1525 cognoscem
1492 1456 1640 1527 potuimus,
1666 1455 1732 1512 dum
1748 1457 1872 1527 protecto

228 1549 271 1604 bis
281 1546 412 1602 auxilium
435 1545 558 1617 praebere
580 1544 721 1600 uolueritis
740 1557 764 1598 ¹.
788 1544 827 1600 De
846 1560 900 1616 quo
922 1544 1027 1602 nesorio
1078 1547 1155 1604 uoltis
1167 1547 1333 1618 incognitum
1355 1562 1411 1604 non
1431 1554 1490 1612 cst,
1509 1546 1582 1615 qrtod
1601 1562 1652 1617 per
1669 1555 1726 1604 tam
1738 1562 1808 1602 sesa
1821 1548 1872 1604 ba»

228 1641 301 1696 dicto
317 1653 488 1710 nequaquam
502 1637 586 1716 208
605 1637 682 1692 nuliis
695 1636 857 1693 initamest
879 1638 1025 1706 baesitatio,
1073 1636 1144 1706 iusc
1163 1638 1290 1696 biennalis
1314 1638 1446 1709 temporis
1460 1639 1618 1709 asperitate,
1644 1638 1734 1696 nullus
1760 1639 1795 1698 de
1818 1641 1874 1700 iliis

229 1733 302 1803 quia,
317 1731 407 1798 diuina
420 1729 535 1786 iaciente
548 1729 745 1794 misericordia,
757 1745 885 1801 magnam
897 1730 925 1785 in
938 1730 1025 1798 uobis,
1077 1731 1200 1802 partibus
1213 1730 1360 1786 adveniens
1378 1730 1457 1786 nobis
1474 1731 1644 1788 minantiarit
1659 1730 1776 1800 qualiter
1798 1732 1872 1787 eirca

227 1832 290 1896 post
300 1824 393 1887 [lenm
415 1836 491 1893 spem
505 1827 533 1875 et
546 1819 672 1880 ddnciam
684 1821 832 1885 habemus,
847 1829 1025 1891 agnoscentes
1041 1803 1062 1866 Β
1077 1837 1124 1878 eos
1137 1830 1244 1893 agatur,
1257 1830 1285 1878 et
1299 1822 1361 1880 ideo
1375 1821 1408 1876 ad
1420 1836 1541 1891 praesens
1552 1821 1709 1890 ignoramus
1719 1821 1784 1894 quid
1796 1823 1874 1878 robis

227 1912 318 1983 quod,
337 1911 393 1968 beo
408 1909 541 1983 propitio,
554 1908 656 1964 nullum
669 1910 870 1979 deqrmcuuque
881 1918 959 1981 parte
972 1909 1026 1965 erit
1078 1914 1112 1970 de
1126 1913 1166 1969 eis
1181 1913 1316 1970 veraciter
1327 1910 1523 1984 significemus.

228 2001 345 2075 lbani„
358 1998 404 2076 sit]
419 1998 642 2070 impedimentum
654 1997 732 2055 robis
744 1998 927 2055 defensionem
943 2008 1025 2071 atque
1111 2006 1146 2061 At
1163 1997 1228 2061 uero
1237 2004 1271 2061 de
1286 2005 1389 2061 blarino
1401 2005 1571 2075 presbytero,
1584 2002 1693 2072 scripsit
1703 2004 1782 2069 uobis
1793 2003 1874 2060 Cirri—
1894 2007 1899 2013 '

227 2091 358 2146 auxilium
377 2097 480 2146 sanctm
491 2088 680 2146 DciEcclesiae
695 2089 808 2160 ueiejus
820 2089 964 2161 peculiaris
976 2105 1025 2162 po-
1075 2097 1240 2153 stiaqissims
1261 2096 1420 2153 excellentia
1438 2104 1527 2151 vestm
1552 2096 1625 2166 quoq
1645 2096 1801 2151 demum„
1817 2096 1874 2166 prs.

227 2180 476 2254 puliimpertiendi,
488 2178 566 2251 juxta
579 2181 606 2238 id
618 2181 691 2252 quod
707 2182 786 2238 beato
798 2181 1022 2254 Petmapestolo‚
1075 2190 1147 2246 stiuu
1167 2195 1239 2243 esset
1260 2186 1422 2242 constitutus
1441 2186 1556 2250 bonore,
1584 2186 1731 2241 secundum
1755 2185 1875 2256 qualiter

228 2290 278 2344 per
295 2275 382 2329 beate
403 2273 542 2330 memoriae
573 2274 819 2346 predecessorem,
849 2275 978 2330 domnum
996 2283 1025 2334 et
1075 2280 1151 2335 uobis
1176 2278 1343 2349 postulantes
1369 2275 1527 2340 direximus,
1555 2292 1606 2331 nos
1632 2276 1741 2347 quidem
1773 2281 1873 2334 testem

229 2381 387 2437 germanum
421 2374 555 2428 nostrum.
580 2367 615 2422 ob
633 2368 784 2423 remedium
810 2369 906 2424 animae
926 2380 1025 2427 restrae
1075 2367 1781 2442 bcumproierirnus,quodpronuilaalisreproeo
1795 2368 1874 2421 robis
1973 2359 1977 2364 ’

228 2459 380 2516 streniam
406 2458 565 2515 delicturum
592 2468 766 2527 uestrorum,
789 2460 949 2531 pollicentes
961 2477 1025 2532 spo-
1074 2459 1232 2524 direrimus,
1256 2458 1308 2515 nisi
1325 2468 1437 2528 propter
1458 2457 1631 2528 lacryumset
1648 2456 1820 2529 quotidianas
1832 2456 1874 2513 la·

229 2549 383 2622 pandistis,
416 2543 530 2620 quod‘rn
558 2549 695 2621 perpetuis
708 2550 890 2622 temporibus,
911 2550 1026 2610 Domino
1075 2550 1266 2615 mentationes,
1285 2547 1420 2620 quasejus
1432 2548 1549 2620 genitrix
1562 2546 1872 2612 edtrnderennneesmt,

229 2651 381 2711 annuente,
402 2641 509 2698 liranum
533 2658 565 2699 ae
587 2643 727 2699 robustum
753 2644 889 2700 credimus
914 2660 1023 2716 perum-
1074 2653 1135 2712 qnae
1150 2648 1179 2696 et
1198 2641 1294 2696 orbata
1317 2640 1418 2696 lumine
1440 2639 1541 2712 existit,
1567 2648 1595 2698 et
1618 2639 1679 2697 idco
1698 2641 1775 2697 robis
1797 2641 1873 2696 cirre-

230 2749 306 2790 nere.
678 2773 679 2776 ,
1073 2732 1171 2796 ximus,
1189 2738 1220 2786 ut
1233 2732 1303 2803 apud
1317 2747 1365 2787 ros
1380 2746 1443 2788 cum
1461 2731 1601 2790 absoluere
1617 2731 1787 2800 debuissetis,
1807 2733 1874 2803 quia

264 2824 300 2881 dt
313 2841 387 2890 uero,
400 2824 472 2881 unde
484 2824 563 2880 nobis
572 2823 803 2880 christianissima
822 2836 913 2881 vestra
925 2826 1025 2882 dlrexit
1074 2822 1141 2878 uilril
1162 2823 1195 2878 de
1217 2837 1250 2877 eo
1265 2822 1342 2878 uobis
1364 2820 1416 2877 luit
1430 2829 1477 2878 aut
1501 2831 1554 2888 css,
1573 2821 1621 2879 sed
1643 2837 1693 2879 nec
1709 2823 1796 2890 uobis,
1819 2822 1875 2880 uisi

229 2916 396 2981 excellentia,
420 2916 493 2987 quod
511 2914 534 2971 si
550 2916 746 2986 quiserestris
767 2915 930 2972 adversariis
947 2917 962 2957 b
977 2925 1025 2971 aut
1075 2914 1261 2996 tandummodo
1285 2914 1320 2972 de
1343 2913 1402 2982 eius
1423 2914 1518 2985 iniqua
1540 2914 1653 2980 mutim,
1672 2928 1754 2985 quam
1777 2923 1875 2972 eontra

230 3007 462 3079 conscriptoribus
478 3007 575 3062 adnos
589 3005 705 3086 uenerit,
720 3005 794 3062 nullo
814 3007 895 3066 modo
908 3022 969 3063 cnm
983 3008 1024 3067 eis
1074 3014 1196 3062 sanctam
1223 3005 1271 3061 Dei
1301 3004 1461 3069 Ecclesiam,
1492 3003 1608 3075 maligna
1635 3012 1717 3074 etqno
1743 3018 1875 3075 perrmsa

230 3099 378 3159 nossutln
395 3113 488 3156 sonam
510 3099 640 3174 societate
658 3097 777 3167 misceri,
791 3100 888 3154 absita
904 3101 982 3156 nobis
994 3110 1025 3156 ut
1076 3102 1166 3151 motus
1193 3094 1316 3159 audacia,
1345 3100 1426 3167 agere
1454 3094 1635 3164 pucsumpsit.
1663 3093 1718 3150 Sed
1749 3095 1783 3150 de
1809 3094 1875 3161 boc,

230 3190 300 3246 banc
311 3203 369 3246 rem
382 3188 523 3254 iaciamus,
537 3177 601 3242 dum
615 3186 737 3259 proiecto
752 3189 837 3244 vestri
848 3190 949 3246 inimici
962 3207 1024 3247 sm-
1038 3157 1061 3219 C
1077 3187 1147 3243 sicut
1158 3201 1207 3257 per
1226 3185 1379 3242 anteriores
1396 3194 1504 3244 rucanas
1521 3186 1627 3243 litteras
1647 3187 1814 3245 excellentiss
1825 3203 1877 3242 re-

231 3290 281 3338 ctxe
292 3282 338 3338 bei
346 3279 474 3337 Ecclesia
482 3288 510 3336 et
523 3279 753 3345 nostrieristunt;
767 3290 932 3353 quapropter
942 3291 1027 3338 tosto·
1076 3285 1140 3334 strar
1152 3277 1312 3341 direximus,
1330 3277 1360 3332 in
1373 3283 1466 3332 restro
1485 3277 1523 3332 sit
1542 3277 1657 3334 arbitrio
1675 3276 1718 3333 rei
1739 3286 1878 3349 nomime

231 3383 275 3430 tur
287 3373 408 3439 ueritas,
428 3373 491 3444 quia
515 3372 562 3428 nbi
573 3379 682 3428 nestros
697 3373 800 3429 amicos
824 3374 1024 3445 agnoverimus,
1075 3367 1186 3439 quidde
1200 3369 1296 3425 eodem
1311 3367 1455 3438 disponere
1477 3366 1628 3425 nolueritis.
1650 3365 1728 3425 Neda
1740 3369 1821 3426 nubis
1840 3370 1879 3426 de

231 3473 360 3534 tanquam
377 3462 480 3517 amicos
492 3469 520 3517 ct
532 3460 625 3517 tidelcs
639 3471 741 3519 sanctae
757 3462 805 3519 lici
815 3464 943 3520 Ecclesiae
955 3464 1026 3520 oble
1076 3475 1109 3516 eo
1120 3467 1248 3534 curaest,
1261 3457 1323 3526 nisi,
1335 3469 1366 3515 ιιι
1377 3458 1561 3530 prediximus,
1577 3458 1693 3529 qualiter
1705 3468 1796 3518 uestra
1817 3459 1878 3518 ine

231 3563 305 3610 ctare
316 3562 345 3608 ct
357 3552 484 3625 amplecti
494 3553 639 3625 crrpnnm3
659 3563 687 3608 ct
707 3554 753 3610 ubi
766 3562 871 3611 uestros
901 3553 1025 3610 inimicos
1076 3549 1254 3616 ritrobmas,
1270 3550 1308 3606 ita
1326 3550 1560 3620 daeodispouene
1574 3550 1696 3607 mboatis
1711 3550 1736 3605 δ.
1756 3556 1791 3607 tu
1809 3568 1879 3607 uero

267 3724 395 3781 stocos
409 3724 940 3784 mslambeciesctGentilotrrsrectel
977 3738 1028 3784 unt
1075 3728 1234 3784 noninha'c
1255 3728 1335 3784 modo
1349 3729 1469 3798 regione,
1483 3719 1568 3786 sedet
1591 3746 1641 3801 per
1661 3725 1879 3796 Orientem&-

230 3796 405 3856 celsitudo:
424 3796 941 3867 nquttanimentmbettoderinebme
985 3801 1026 3844 '·
1075 3798 1268 3868 ptentrionem,
1292 3806 1319 3854 et
1345 3798 1499 3856 Occidentis
1522 3800 1626 3871 plagam
1651 3800 1812 3856 incubuit.»
1836 3801 1879 3856 lle

230 3869 310 3939 pinus
331 3868 367 3924 ab
383 3883 455 3924 anne
475 3867 535 3932 itit),
565 3868 637 3939 quod
661 3869 742 3938 paulo
766 3879 828 3938 nost
848 3871 1025 3940 sequentibus
1075 3869 1208 3924 horrenda
1226 3870 1278 3925 ista
1295 3868 1384 3943 bieme
1401 3875 1429 3923 et
1443 3867 1557 3925 Paulum
1572 3885 1654 3942 agere
1672 3869 1814 3956 perspicue
1831 3885 1880 3926 os·

230 3938 389 4010 explicatius
402 3938 544 3994 redditur:
563 3938 771 4008 ‹Agnoscentes
782 3942 852 4010 quud
869 3940 924 3997 Deo
933 3942 1025 4012 propi·
1075 3939 1189 3994 tendunt
1202 3939 1323 4011 epistulae
1337 3953 1396 4007 erus
1408 3953 1462 3994 non
1484 3955 1577 4011 peuce
1598 3955 1720 4003 numero,
1735 3942 1878 4010 inquibus

231 4011 270 4066 tie
284 4009 387 4065 nullum
406 4009 440 4066 dc
462 4023 624 4080 quacunque
641 4019 718 4078 parte
737 4009 773 4064 sit
801 4011 1024 4081 impedimentum
1075 4009 1204 4064 nonnulla
1217 4010 1319 4065 mentio
1339 4017 1382 4065 cst
1395 4009 1538 4066 horrende
1551 4009 1623 4067 illins
1636 4010 1752 4074 iriensis;
1768 4011 1877 4066 necnon

232 4081 308 4137 robis
329 4077 511 4137 defensionem
524 4086 606 4149 atque
621 4080 752 4135 auxilium
776 4080 805 4135 S.
825 4081 856 4135 b.
878 4081 1022 4149 Ecclesim,
1076 4081 1146 4136 mtio
1161 4079 1219 4150 ipsa
1246 4079 1391 4150 loquendi,
1415 4094 1462 4149 pro
1484 4090 1538 4136 tom
1562 4098 1631 4136 aaron
1653 4081 1736 4154 iujos
1754 4081 1879 4136 menate

232 4160 286 4205 etc.
308 4151 418 4205 »Germ
469 4153 474 4158 ⁴
1074 4159 1126 4205 tem
1145 4151 1199 4204 oris
1215 4152 1366 4222 asperitate.
1388 4147 1554 4206 Pnecedenti
1575 4159 1666 4207 autem
1686 4165 1758 4216 auno
1777 4152 1881 4209 missos

267 4221 281 4261 ¹³
300 4220 394 4276 Nullus
408 4221 515 4276 ridetur
531 4234 592 4275 esse
606 4218 746 4275 dnuimndt
758 4219 833 4275 locus
852 4219 917 4290 quin
934 4220 1024 4292 Pippi-
1075 4166 1164 4290 regsss
1186 4236 1240 4275 una
1261 4235 1324 4278 cum
1347 4219 1494 4290 pontideiis
1519 4219 1781 4292 Constantinopolim
1809 4237 1881 4293 pro«

232 4308 283 4348 nus
295 4291 334 4345 ita
350 4290 490 4360 scripserit
505 4299 566 4360 post
579 4288 729 4344 Tassilonis
740 4287 928 4355 desectionem,
940 4307 1023 4362 quam
1075 4289 1161 4346 lectos
1176 4306 1236 4347 esse
1255 4305 1305 4361 pro
1324 4305 1462 4347 sacrarum
1484 4291 1633 4362 imaginum
1653 4291 1739 4356 cultu,
1755 4288 1833 4362 plum
1850 4292 1879 4346 in

231 4357 365 4432 superiori
384 4376 455 4415 anno
468 4369 594 4416 auctores
609 4359 788 4427 consignant,
813 4369 875 4448 post
892 4361 1023 4484 placitum
1075 4360 1261 4431 superioribus
1282 4361 1381 4417 indicia
1402 4368 1518 4424 exstant,
1535 4361 1582 4417 ubi
1599 4362 1632 4417 de
1652 4362 1803 4418 orthodoxa
1823 4360 1881 4417 tide

233 4431 407 4486 llrremense.
418 4429 537 4486 Annales
549 4429 677 4485 Fraricnr.
688 4431 722 4484 ad
737 4445 781 4485 an.
794 4429 881 4486 lesu
916 4432 1023 4502 ippinus
1073 4438 1102 4487 et
1116 4431 1226 4487 Patruus
1239 4432 1384 4488 traditione
1400 4429 1542 4488 asserenda
1558 4446 1602 4487 res
1618 4439 1669 4497 est,
1692 4437 1720 4486 at
1741 4430 1814 4488 nulla
1831 4446 1883 4487 us·

233 4514 280 4557 ret
303 4500 398 4556 babuit
420 4500 549 4571 placitum
573 4501 601 4555 in
632 4500 771 4564 iiirernis,
788 4510 815 4556 et
849 4510 957 4558 uartun
970 4502 1023 4558 itcr
1036 4510 1062 4571 1)
1075 4517 1157 4573 quam
1167 4501 1311 4558 affirmatio
1323 4509 1397 4558 certa
1410 4502 1540 4568 occurrit,
1550 4508 1732 4573 praeterquam
1744 4501 1795 4557 boc
1805 4502 1880 4568 loco,

232 4571 335 4626 inciens
347 4569 374 4625 in
386 4569 569 4640 Aqnitmiam,
585 4569 756 4627 ibi‘l'lressilo
771 4517 1025 4640 duanjmriorum
1075 4580 1104 4628 et
1124 4571 1151 4626 in
1178 4571 1304 4643 sequenti
1326 4571 1460 4641 epistola,
1487 4570 1521 4628 de
1549 4587 1602 4642 qua
1630 4587 1692 4627 mor
1717 4569 1883 4629 Anastasius

232 4641 384 4713 postposuit
408 4649 578 4698 sacramenta
600 4648 628 4696 ct
648 4642 740 4697 omnia
759 4657 821 4712 quas
840 4643 1024 4716 promiserat,
1076 4650 1180 4697 tantum
1191 4640 1347 4714 trequentes
1356 4640 1433 4697 Pauli
1445 4641 1593 4712 legationes
1604 4649 1809 4704 commemorat,
1820 4643 1884 4698 nnl-

231 4723 259 4769 et
272 4727 321 4783 per
331 4711 432 4768 malum
445 4711 583 4795 ingenium
595 4728 625 4767 se
637 4711 699 4767 iude
710 4712 826 4776 seduxit,
838 4713 929 4768 onmia
941 4715 1025 4770 benc·
1076 4713 1100 4769 la
1115 4712 1222 4795 Pippini
1245 4714 1386 4775 mentione
1401 4712 1493 4779 iacta;
1520 4721 1548 4768 et
1569 4710 1669 4784 Pagins
1689 4718 1765 4766 notat
1779 4711 1884 4768 multas

232 4785 305 4840 iacta
327 4798 388 4854 quar
414 4781 544 4859 Pipprnns
563 4797 612 4838 rex
638 4782 788 4839 avunculus
804 4783 863 4854 ejas
881 4785 906 4838 ei
939 4782 1025 4846 iecit,
1076 4784 1148 4842 inter
1162 4790 1353 4853 imperatorem
1375 4789 1403 4836 et
1418 4781 1540 4839 Francis
1560 4798 1651 4855 regem
1666 4782 1812 4853 legationes
1825 4782 1884 4838 boe

233 4854 404 4925 postposuit,
419 4868 468 4924 per
490 4853 597 4923 ingenia
616 4851 785 4909 fraudulenta
800 4871 829 4909 sc
843 4855 1027 4910 subtrahendo
1077 4862 1198 4923 tempore
1220 4854 1246 4907 iu
1266 4853 1409 4910 arrnnllbus
1426 4854 1593 4909 memorari:
1614 4861 1643 4907 at
1658 4851 1804 4923 pontilicis
1825 4851 1884 4908 illis

234 4923 385 4994 baioariam
397 4924 489 4994 petiit,
506 4931 534 4977 et
547 4938 680 4993 nusquam
693 4925 809 4992 amplius
823 4922 919 4979 faciem
932 4940 1028 4995 snpra-
1076 4923 1175 4979 additae
1192 4922 1347 4979 nullatcnus
1365 4924 1498 4978 meminit.
1515 4923 1555 4979 ln.

233 4996 299 5051 dieti
310 4995 381 5067 regis
398 4994 490 5050 videre
504 4994 621 5049 coluit.»
638 4992 738 5051 Eadem
748 4994 847 5120 Papius
863 4993 936 5064 (763,
951 5012 978 5051 n.
998 4995 1026 5066 t)
1111 4992 1124 5033 ἃ
1141 4993 1211 5048 ilinc
1224 5003 1299 5049 emto
1313 4999 1431 5058 constat,
1445 4994 1513 5050 alias
1524 4993 1557 5050 de
1572 4993 1624 5050 bae
1637 5007 1667 5047 re
1680 4990 1786 5047 litteris
1798 4991 1886 5048 datas

234 5066 317 5122 rciert
334 5081 368 5121 es
390 5062 531 5120 donatista
548 5065 678 5128 lletensi,
696 5065 764 5121 aiios
798 5064 1028 5122 andansaunales
1077 5080 1137 5120 essu
1150 5064 1184 5119 ad
1203 5062 1344 5134 Pippiuum
1368 5063 1513 5120 abeodem
1535 5062 1638 5120 Paulo:
1655 5070 1684 5120 at
1705 5061 1758 5118 illm
1776 5076 1887 5131 nequa-

234 5137 305 5192 idem
321 5134 530 5202 condrumutes;
550 5136 673 5205 sequenti
686 5135 758 5190 enim
773 5136 886 5207 epistola
902 5135 1028 5192 cumidem
1077 5151 1159 5259 quam
1183 5137 1301 5190 exstant.
1327 5133 1448 5203 Epistola
1469 5133 1603 5202 siquidem
1624 5132 1667 5198 tt,
1687 5132 1723 5190 al.
1743 5129 1789 5200 25,
1806 5147 1887 5217 annq

235 5207 404 5263 Tassilouem
425 5205 585 5276 pmuitentia
610 5203 720 5260 ductum
742 5222 774 5261 ac
789 5207 878 5261 redire
904 5215 1028 5262 arentem
1095 5204 1140 5270 57,
1166 5204 1281 5276 Pippino
1304 5219 1408 5259 morem
1437 5219 1533 5275 gerens
1559 5202 1690 5260 cardinal.
1719 5203 1762 5258 tit.
1790 5213 1886 5258 sancta

234 5278 262 5334 iu
274 5276 400 5333 auunculi
419 5275 535 5347 gratiam
546 5276 584 5331 ita
597 5276 654 5355 regi
668 5277 850 5340 commendat,
877 5287 908 5331 ut
923 5277 1029 5332 iteratis
1078 5274 1246 5346 Chrsogoni
1264 5274 1397 5329 bissinum
1415 5282 1573 5340 creaverat;
1592 5274 1716 5344 sequenti
1734 5289 1805 5330 anno
1817 5288 1889 5343 pers

235 5349 362 5432 pironibus
376 5345 478 5404 sessum
491 5362 520 5401 se
532 5346 559 5401 id
573 5346 670 5470 leerssle
685 5347 828 5418 signiticet,
843 5347 1029 5404 rudiatenusa
1079 5291 1293 5468 dllssflessljlltffl
1316 5359 1378 5469 cisse
1396 5345 1520 5468 claudicas,
1541 5345 1705 5470 ιρίιιιιριιιιῖι
1718 5342 1746 5398 in
1764 5341 1889 5404 Francis

237 5417 639 5546 regrautigltlrlrppptparffi'dsirld&
662 5433 733 5543 gom
752 5487 797 5542 alii
816 5486 957 5544 annalistae
978 5486 1032 5543 col·
1079 5414 1682 5556 fleifrrluerffulssmggqrds9s⁹eamg3grineaii¹etfflrrs
1699 5421 1764 5552 effi
1774 5428 1890 5546 Ἰιιὲιῖιιὲ

236 5559 335 5624 locant,
350 5559 395 5616 alii
408 5559 552 5630 superiori,
575 5573 637 5615 eum
652 5557 767 5614 laudatis
783 5557 880 5613 tunm.
899 5558 1029 5615 Francor.
1080 5566 1175 5626 capte,
1191 5556 1312 5626 adeoque
1325 5564 1396 5621 orat,
1409 5565 1440 5611 ut
1459 5569 1521 5609 eum
1544 5555 1666 5611 remittat
1685 5553 1803 5610 Romam
1814 5553 1892 5614 nulli

236 5627 623 5702 Causaruaderti’agiusmn.
641 5628 742 5690 tenu.
767 5630 795 5701 5)
813 5645 847 5685 er
868 5629 1031 5700 Tbeopbane
1081 5626 1127 5681 aiii
1145 5626 1252 5682 crimini
1276 5625 1434 5707 obnoxium,
1457 5640 1540 5753 apem
1567 5624 1687 5695 perfidie
1713 5623 1741 5680 in
1758 5633 1891 5684 miremur

236 5701 270 5755 ad
289 5716 335 5753 an.
360 5697 395 5755 25
422 5700 591 5756 Constantini
617 5714 626 5752 τ
654 5719 663 5748 ⁴
691 5700 792 5758 Eodem
818 5700 921 5770 pariter
948 5713 1030 5762 anno,
1082 5696 1184 5762 sedem,
1214 5696 1328 5755 arbitrio
1353 5711 1413 5751 eus
1437 5711 1454 5751 n
1488 5695 1614 5750 iioruinns
1638 5695 1781 5754 remittens
1801 5695 1886 5763 quid·

237 5770 338 5826 merrsis
352 5769 578 5836 octobrem-dio,
592 5769 677 5836 frigus
692 5772 785 5840 iugens
806 5781 831 5824 et
852 5770 1031 5840 asperrimum
1083 5767 1201 5836 quidde
1227 5769 1323 5823 euclem
1375 5766 1453 5823 arino
1476 5764 1649 5822 statuendum
1673 5771 1793 5822 censeat.
1818 5767 1893 5832 Qua
