4050 6192
163 314 220 373 lat
257 313 334 371 COD.
351 312 650 383 blei..-ll01ttltt.,
667 314 756 380 ETC,
777 314 844 374 SEU
861 315 938 374 cett.
959 317 1166 376 cauottnus
1180 352 1212 362 -
1233 318 1308 376 EPP.
1330 321 1432 379 cnuti
1452 325 1714 386 i.-thN1T[ibl.
1751 335 1804 393 tae

162 449 313 493 cometissa
323 434 391 488 vadit
401 449 471 502 quae,
486 441 533 488 aut
548 433 630 489 ormis
645 433 739 500 libere,
751 442 798 488 aut
811 433 901 489 minus
912 448 959 488 ae·
973 446 995 504 g
1011 433 1088 488 stolis
1105 434 1183 504 juxta
1207 434 1401 489 recensionem.
1433 433 1543 506 iegitur
1563 434 1589 490 in
1616 439 1703 507 prima
1724 441 1802 514 (cod.

163 515 262 563 wrate
272 505 374 574 scripta
387 503 504 568 inerant,
526 518 558 559 ea
577 504 703 560 monadis
715 502 958 560 curisemendadt.
1010 503 1073 557 Cur.
1088 505 1129 568 te,
1142 503 1177 558 ai.
1193 504 1237 576 ih)
1251 522 1259 558 z
1274 522 1284 556 ι
1299 504 1424 560 Amicitia
1438 505 1472 560 ah
1484 506 1577 561 ecdem
1587 505 1725 579 Stephano
1742 530 1803 572 curly

201 575 258 630 vit.
278 575 343 630 ilaec
357 573 479 645 prolecto
493 581 537 629 est
550 574 673 631 recensio
685 576 762 645 eujus
770 574 895 628 meminit
909 573 960 627 Ba-
1008 573 1122 629 Francis
1140 583 1313 630 contracta.»
1340 575 1472 631 Batonius
1493 577 1607 631 mutarit
1632 596 1642 630 ι
1658 580 1724 635 inita
1740 600 1803 641 curn

162 647 269 701 runius.
297 646 332 700 Et
348 653 390 698 est
411 644 484 714 quod
497 644 592 710 mirer,
609 653 712 700 mutum
736 644 960 699 tirumhaudti·
1008 644 1158 700 Francisr
1188 646 1324 700 lnoctara
1342 644 1546 717 (calidonii,
1567 647 1712 721 stellata
1733 652 1804 710 Pan.

161 717 247 782 disse,
258 724 418 786 argumenta
430 716 476 770 iiia
488 715 714 785 quemadmodum
728 715 828 784 scripta
841 713 958 783 primunt
1008 715 1097 770 vimus
1113 734 1119 769 τ
1137 716 1349 784 «Imperatorem
1359 715 1482 787 Graecum
1495 717 1626 782 inarmis,
1645 728 1674 774 ιιι
1698 721 1804 780 itaten-

161 786 300 842 luerauta
316 785 456 850 canetulo,
468 800 583 867 prorsus
593 785 706 855 reperiri
718 787 789 855 apud
799 784 960 855 iiagdehur-
1008 793 1098 840 natem
1117 787 1292 841 exarchatum
1303 794 1330 840 et
1342 787 1456 840 bonnam
1467 799 1649 856 recuperaret,
1669 806 1728 849 esse
1738 812 1802 850 nar.

160 871 270 926 penses.
300 857 387 910 Voces
404 855 538 924 siquidem
549 855 653 920 deletae,
676 863 722 909 aut
742 855 833 910 intine
847 852 956 919 additas,
1008 863 1060 909 rat.
1074 875 1083 908 a
1110 856 1242 912 baronius
1251 857 1350 926 partim
1360 856 1454 926 primae
1467 856 1585 921 lectioni,
1599 860 1696 928 partim
1711 880 1803 920 corre-

159 941 192 980 ut
206 926 274 982 nibil
285 926 375 980 dicam
387 926 421 981 de
436 926 612 995 superpositis
624 940 672 980 seu
684 924 848 994 interjectis;
860 923 958 979 litterae
1006 925 1089 981 cticni
1105 927 1257 990 adhaerens,
1280 945 1289 978 ι
1301 927 1327 981 io
1349 927 1433 981 armis
1444 942 1535 991 esser
1561 928 1609 992 ait,
1632 947 1642 981 ι
1653 939 1680 985 ct
1695 928 1815 991 barren-l

160 996 228 1052 item
253 996 374 1064 aliquot,
392 995 436 1051 uel
454 995 583 1064 adjectae,
608 996 651 1050 rel
671 996 799 1051 detractae
815 996 842 1050 in
864 996 958 1050 codiee
1007 1006 1097 1051 uatem
1111 997 1287 1051 exarchatum
1303 998 1455 1052 othomam
1473 1003 1714 1068 recuperaremus
1736 1020 1801 1061 nar·

159 1065 330 1121 Panriniano
341 1066 480 1120 evidentes
494 1066 563 1120 aden
573 1073 646 1131 sunt,
657 1075 687 1121 ut
696 1066 722 1120 in
735 1066 848 1142 legentis
864 1065 957 1120 oeulos
1006 1074 1058 1120 rat.
1074 1087 1085 1119 ι
1111 1067 1139 1121 iu
1152 1067 1293 1122 undecima
1310 1065 1387 1137 (ch.
1401 1066 1463 1121 Cor.
1475 1068 1520 1133 il,
1539 1069 1575 1121 ai.
1593 1069 1640 1141 51)
1653 1071 1801 1129 Panriuius

219 1152 251 1192 se
261 1138 327 1206 ipsae
336 1144 486 1190 incurrant.
505 1134 686 1202 Quamobrem
697 1137 842 1191 editionem
850 1135 957 1205 biagdc-
1006 1152 1168 1192 rumorems
1187 1138 1243 1219 argi
1256 1137 1324 1192 dixit
1340 1138 1395 1193 «ab
1409 1138 1539 1194 inimicis:
1551 1158 1561 1190 ι
1578 1140 1720 1208 baronius,
1739 1162 1750 1195 ι
1764 1145 1800 1203 ah

157 1151 501 1278 ffirgerasiumconlerenti
522 1221 584 1261 cum
598 1207 758 1261 tus.codice
779 1203 953 1268 Panchriauo,
1005 1208 1131 1262 amicis.»
1166 1152 1286 1277 genaque
1302 1209 1329 1261 in
1351 1208 1562 1278 decimaquinta
1577 1208 1729 1282 (Coeden.
1746 1217 1797 1282 ιδ,

157 1285 235 1331 unta
248 1277 378 1346 utrinque
397 1276 544 1331 sitniiitudo
564 1284 593 1330 et
615 1276 801 1332 convenientia
826 1277 877 1330 erit
898 1276 956 1330 eri·
1005 1275 1041 1330 al.
1067 1276 1113 1348 bi)
1128 1277 1298 1332 Pontidius:
1319 1276 1438 1344 ‹Quinta
1459 1277 1562 1333 decima
1578 1294 1628 1349 per
1648 1281 1798 1340 Wiiardnm

156 1347 235 1410 dene
250 1357 280 1402 ut
291 1348 439 1401 miraturus
447 1360 552 1400 meeum
562 1347 597 1402 sit
608 1347 715 1400 baronii
726 1346 890 1416 diligentiam
905 1347 955 1402 liae
1005 1349 1193 1416 coepiscopum
1206 1348 1296 1418 (quent
1310 1347 1422 1416 Pippino
1432 1350 1555 1420 eucarpio
1566 1350 1658 1405 inauris
1669 1352 1799 1422 Stephani

155 1416 185 1470 in
205 1433 237 1471 re
252 1418 342 1472 mimas
357 1424 522 1472 accuratam.
565 1417 602 1471 iic
625 1416 747 1471 Gretseri
764 1417 954 1472 allucinatione
1004 1418 1308 1487 ariomanitarum,
1323 1417 1726 1476 iattdes.....coutirrcntur.r
1746 1425 1798 1479 Bn-

154 1487 195 1540 nii
214 1488 372 1552 aliuddico,
418 1485 598 1541 rrarorcniam
624 1487 805 1543 adhibendam
819 1500 879 1541 esse
896 1487 954 1541 uiro
1004 1488 1119 1544 ronias:
1141 1489 1295 1552 «scribens,
1316 1488 1349 1542 iis
1368 1488 1465 1543 litteris
1480 1488 1573 1544 laudes
1591 1529 1693 1546 .....
1713 1496 1800 1551 couti·

155 1555 326 1620 doctissimo,
342 1558 389 1628 qni
443 1557 599 1611 nrhtianum
612 1557 732 1612 codicem
747 1572 800 1611 non
816 1557 953 1612 irabuitob
1003 1566 1137 1612 nentur.»

153 1628 261 1693 corios
276 1629 323 1683 sed
335 1628 442 1682 Barooii
456 1629 617 1682 sentemmm
632 1627 821 1696 amplexante
836 1635 954 1681 tanturn-
1040 1629 1121 1698 120
1137 1627 1171 1681 x.
1192 1628 1359 1698 Argumenta
1371 1630 1476 1693 eadem,
1493 1638 1524 1685 ut
1541 1629 1658 1695 aiebant,
1669 1646 1702 1687 cx
1717 1635 1800 1694 liaro-

153 1699 239 1754 modo
248 1698 347 1768 adjecit
358 1699 430 1768 quod
442 1697 514 1753 acies
525 1698 625 1767 ingenii
635 1712 780 1767 rerumque
790 1697 926 1754 ecclesiast
932 1697 952 1751 l·
1002 1697 1041 1751 nii
1057 1698 1206 1753 Annalibus
1217 1699 1244 1752 in
1255 1698 1441 1753 collectionem
1452 1700 1623 1756 Lahbeanam
1635 1710 1697 1757 sunt
1711 1713 1799 1763 trans·

153 1782 252 1823 earum
276 1769 405 1824 diuturna
436 1768 563 1823 tractatio
586 1766 775 1836 proterendum
795 1776 949 1822 suaserunt.
967 1767 1066 1848 piata.
1091 1767 1145 1825 Sed
1161 1783 1242 1838 quam
1262 1769 1368 1824 diuersa
1381 1784 1474 1824 conam
1486 1769 1640 1842 pleraquea
1655 1772 1794 1832 Panrinia·

152 1837 338 1904 Quanrobrcm
350 1838 548 1894 calumniarum
568 1853 662 1920 genus,
684 1838 755 1907 quod
776 1838 951 1893 novatoribus
1001 1838 1045 1892 nis
1057 1838 1092 1892 ihi
1117 1839 1263 1910 leguntur!
1281 1840 1404 1894 babbeus
1426 1841 1570 1909 siquidem,
1595 1843 1667 1912 quod
1681 1845 1799 1904 Barouio

151 1907 802 1982 bonafideimpaetuminPanvmiumrecideret,
818 1909 952 1963 itaiuter-
1001 1908 1208 1978 haudquaquam
1231 1910 1334 1974 euenit,
1360 1908 1478 1965 Carolini
1503 1911 1610 1968 Codicis
1639 1914 1797 1984 editionem,

151 1980 257 2046 pretori
268 1989 385 2048 oportet,
400 1986 430 2033 ut
443 1979 525 2033 rerba
542 1987 570 2033 et
581 1979 652 2033 dieta
665 1978 896 2048 queisGrctseros
908 1978 950 2031 in·
1000 1993 1062 2047 quae
1072 1988 1148 2034 sexto
1162 1988 1224 2049 post
1235 1977 1314 2046 hujus
1324 1988 1438 2034 mortem
1463 1995 1535 2034 auno
1549 1983 1575 2035 in
1590 1983 1676 2037 iucem
1695 1989 1798 2054 prodiit

151 2048 239 2113 sistit,
253 2049 361 2104 iliorum
372 2064 421 2105 ore
431 2048 546 2119 prolata,
561 2063 676 2119 quorum
688 2064 771 2118 praru
783 2049 895 2104 intentio
909 2055 951 2103 est
999 2048 1165 2118 ingolstadii,
1180 2064 1289 2104 uersare
1299 2051 1396 2117 potuit,
1408 2059 1435 2104 et
1449 2051 1472 2105 si
1483 2065 1535 2120 «prta
1551 2052 1639 2105 tatinus
1658 2053 1730 2109 clara
1747 2061 1796 2113 rui·

151 2118 181 2173 in
200 2121 404 2189 omnibusque
421 2120 512 2174 sedem
525 2119 711 2188 apostolicam,
733 2119 760 2173 in
774 2120 866 2174 uiuitis
891 2134 951 2189 qnae
1000 2132 1105 2188 nusque
1116 2128 1211 2175 exacta
1222 2122 1323 2188 reperit
1348 2128 1516 2190 argumenta,
1540 2121 1661 2190 pleniora
1676 2139 1709 2179 ac
1729 2126 1797 2184 luci·

150 2191 319 2244 catholicam
339 2189 496 2260 religionem
507 2197 638 2258 spectant,
652 2190 794 2244 calumnie
808 2189 951 2245 rideantur
1000 2190 1076 2245 diora
1099 2190 1232 2254 emittere,
1255 2190 1326 2258 quod
1352 2205 1417 2244 satae
1433 2190 1468 2244 ah
1481 2205 1514 2245 eo
1529 2190 1630 2246 lactum
1651 2195 1742 2251 ridere
1754 2206 1796 2254 est

149 2267 179 2312 et
200 2261 273 2324 sint3
293 2270 322 2314 at
335 2259 468 2315 catholico
490 2258 615 2329 scriptori
629 2275 734 2314 summa
752 2260 869 2330 primum
888 2275 949 2315 eum
999 2259 1092 2331 (Cone.
1111 2267 1177 2315 tom.
1191 2261 1235 2325 iii,
1250 2275 1278 2329 p.
1294 2260 1373 2325 tole,
1396 2260 1465 2315 libii
1481 2261 1580 2333 seqq).
1600 2261 1632 2316 Ει
1654 2278 1717 2319 roro
1731 2267 1796 2324 darm

150 2329 206 2384 lide
221 2333 344 2399 exceptis
359 2343 392 2385 er
417 2330 521 2396 codice,
545 2329 642 2385 deinde
659 2331 801 2400 diiigenter
823 2331 951 2385 emenda-
999 2329 1095 2384 iisdem
1108 2338 1136 2385 et
1155 2330 1213 2400 ipse
1227 2330 1348 2400 epistolis
1359 2329 1431 2385 serio
1445 2331 1502 2401 peri
1537 2332 1615 2387 endis
1629 2332 1792 2402 insisterem,

150 2401 198 2463 tis,
219 2417 253 2455 ne
269 2401 362 2455 lorsan
381 2402 419 2456 ita
435 2399 510 2470 prelo
527 2400 770 2467 comanittcreutun
794 2401 950 2471 impruden·
999 2409 1029 2454 ut
1054 2415 1185 2471 synopses
1204 2401 1349 2471 ampliores
1370 2408 1451 2471 atque
1472 2416 1525 2474 exp
1535 2402 1661 2459 icaticres
1683 2407 1797 2464 conluce-

151 2472 197 2525 t'ec
214 2471 301 2542 magis
320 2486 401 2542 quarn
413 2470 610 2527 calumniarum
621 2478 712 2525 notam
726 2471 886 2525 inurendam
899 2466 950 2541 pu·
998 2486 1068 2532 rem.
1088 2474 1121 2526 ad
1132 2471 1240 2527 Codicis
1247 2471 1365 2526 carolini
1376 2479 1481 2525 sertam
1489 2483 1517 2527 et
1530 2473 1793 2556 quinquagesimam,

152 2548 254 2596 temus.
997 2540 1109 2595 Adriani
1121 2543 1274 2597 vicesimam
1285 2543 1416 2624 quintana,
1426 2543 1547 2612 perreni,
1558 2559 1618 2612 quae
1629 2545 1794 2616 anthiest'ii,

187 2611 255 2666 titt.
275 2611 336 2667 line
349 2611 454 2667 aceedit
474 2610 545 2682 quod
566 2611 609 2665 uir
632 2609 677 2665 illc
699 2609 882 2674 doctissimus,
895 2609 949 2666 ier·
997 2612 1092 2680 ctagit
1105 2614 1138 2667 de
1154 2611 1298 2667 sabinensi
1312 2611 1476 2681 patrimonio
1489 2612 1594 2669 interae
1614 2614 1794 2675 restituendo.

147 2689 279 2738 resecate
298 2683 386 2737 adbuc
400 2689 490 2749 retae,
513 2682 627 2737 necdum
640 2681 842 2737 conscribendis
853 2680 946 2736 Eccie·
997 2681 1125 2736 letantem
1139 2682 1332 2751 patrimonium
1360 2680 1387 2734 in
1402 2681 1522 2736 editione
1538 2654 1711 2739 decianam
1728 2687 1795 2742 dici·

148 2752 199 2808 stae
209 2754 293 2808 rebus
306 2750 482 2816 assuefactos,
499 2766 609 2807 concas
626 2760 729 2806 tanturn
753 2765 884 2824 synopses
900 2766 948 2806 scu
998 2761 1043 2805 tur
1058 2751 1235 2812 decernente,
1249 2759 1277 2806 et
1290 2752 1316 2805 in
1327 2750 1507 2806 Latubeciana
1521 2751 1696 2808 hircenncnse.
1710 2756 1794 2813 Cum·

147 2831 311 2893 argumenta
331 2822 481 2878 litterarum
507 2821 604 2877 alicubi
625 2821 823 2877 inconsiderate
847 2822 947 2890 scripta
997 2836 1050 2891 que
1073 2835 1107 2876 er
1123 2822 1269 2877 norissima
1285 2821 1442 2877 recensione
1454 2821 1583 2878 Gentiioti
1601 2837 1688 2878 essent
1700 2827 1794 2883 ariano·

148 2894 266 2963 excepit,
283 2894 331 2948 sed
339 2894 453 2963 ipsemet
466 2901 549 2947 wiern
563 2892 729 2962 pontiliciam
740 2891 882 2947 historiam
896 2893 949 2947 bae
997 2893 1080 2954 tritns,
1097 2893 1198 2946 nullam
1214 2892 1336 2947 adbiberi
1356 2892 1532 2961 majusculam
1544 2892 1571 2946 iu
1583 2900 1711 2948 conuentu
1720 2895 1793 2953 iilius

147 2962 322 3033 illacparom
347 2971 428 3019 caute
451 2965 531 3019 dictis
551 2970 727 3033 resperserat.
768 2962 858 3029 Quare
874 2961 947 3015 iliam
996 2962 1114 3026 Codicis,
1126 2961 1195 3018 sacili
1208 2963 1462 3032 neguticasseeotos
1472 2979 1531 3019 sunt
1544 2975 1794 3038 causamcorruptae

146 3034 352 3104 castigatiorem
368 3035 469 3105 uirique
480 3033 611 3089 redditam
630 3033 756 3089 secundis
766 3032 840 3089 curis
854 3031 947 3087 ridere
997 3031 1130 3087 lectionis.
1160 3034 1227 3088 Natu
1240 3033 1410 3088 ilabilionins
1422 3032 1568 3104 (suppleat.
1585 3031 1620 3086 ud
1632 3034 1715 3106 Diph,
1729 3053 1790 3109 pag.

147 3109 189 3168 est
202 3104 230 3157 in
244 3119 311 3159 mu.
327 3104 464 3160 Vaticanis
485 3104 634 3161 codicibus.
667 3104 710 3158 ·Ne
731 3119 764 3159 ue
787 3104 814 3158 id
828 3102 942 3157 mirum:
998 3100 1043 3174 to)
1061 3103 1170 3158 exhibet
1181 3104 1316 3174 specimen
1341 3105 1483 3173 scripturn
1498 3102 1625 3158 llomane
1638 3103 1794 3176 Langobar-

147 3188 211 3228 nem
222 3174 357 3229 baronius
367 3190 429 3230 eum
438 3175 471 3229 ad
483 3118 762 3231 scribendoshnnaics
775 3174 873 3244 adjecit
886 3173 945 3228 ani·
958 3136 981 3199 C
996 3172 1073 3238 dicae,
1084 3189 1145 3243 quae
1157 3174 1267 3229 Adriani
1280 3189 1337 3230 aero
1350 3181 1410 3230 erat
1428 3174 1498 3237 usui,
1527 3188 1560 3228 ex
1573 3175 1736 3231 authenticis
1749 3179 1793 3233 lit-

146 3257 232 3307 ntum,
259 3259 311 3314 per
336 3259 420 3300 annos
446 3245 556 3316 triginta
570 3242 708 3300 Ecclesiae
732 3245 812 3300 rebus
833 3251 946 3298 natarat
994 3244 1061 3299 teris
1074 3244 1194 3312 ejusdem
1207 3245 1343 3315 pontilicis
1355 3245 1382 3299 in
1394 3244 1510 3315 phylira,
1533 3259 1594 3313 quae
1610 3256 1754 3303 seruantur
1764 3250 1791 3303 in

143 3329 269 3385 operam
284 3314 355 3398 quod
369 3316 477 3385 proprio
489 3330 536 3370 cre
547 3315 647 3369 latetur
674 3315 700 3369 in
714 3322 779 3369 totu.
796 3314 817 3380 i,
830 3314 944 3384 epistola
994 3315 1107 3370 arehirc
1119 3315 1288 3371 Cerbereosi.
1324 3315 1352 3370 in
1366 3316 1521 3390 earumdem
1541 3313 1674 3437 scriptura
1689 3324 1790 3374 taratauc

143 3385 318 3440 dedicatoria
337 3386 372 3439 ad
390 3383 495 3440 Sixtum
509 3386 541 3442 V.
560 3384 647 3439 ‹Cum
656 3398 713 3453 Jarn
724 3400 771 3439 sex
783 3385 875 3440 lustris
887 3384 944 3452 ipsa
994 3384 1049 3438 ridi
1073 3385 1276 3440 similitudinem
1300 3384 1371 3440 inter
1386 3402 1399 3439 a
1417 3393 1445 3438 ct
1457 3401 1479 3446 r,
1500 3394 1529 3439 ut
1545 3384 1595 3439 laci
1608 3400 1623 3439 e
1635 3401 1718 3441 ttnttm
1741 3404 1791 3460 pro

141 3455 335 3510 ecclesiastiea
346 3455 458 3510 historia
471 3455 551 3526 119
562 3452 644 3510 tuerit
656 3471 671 3508 a
683 3469 726 3510 mc
738 3456 837 3527 septies
849 3455 945 3511 ordine
994 3453 1081 3509 altero
1096 3455 1165 3510 sumi
1176 3456 1271 3525 possit.
1297 3455 1431 3511 Praeterea
1447 3454 1500 3510 ridi
1514 3472 1532 3508 ιι
1542 3470 1592 3525 pro
1608 3454 1790 3525 hincquenter

142 3533 301 3593 temporum
315 3526 459 3594 repetita.»
492 3526 665 3581 licentraric
686 3525 903 3595 Pauriuiusipso
917 3523 944 3578 in
994 3525 1154 3590 adhibitum,
1180 3527 1329 3581 acdeorum
1344 3526 1610 3597 ipcrpetuoahsque
1624 3535 1734 3597 puncto.
1751 3529 1789 3584 Ea

142 3597 396 3652 ecclesiasticarum
418 3612 508 3651 rerum
531 3595 665 3667 tyrocinio
681 3594 847 3665 pontiliciam
871 3595 944 3649 illam
993 3603 1105 3666 propter
1120 3596 1198 3650 vernia
1220 3596 1286 3650 mihi
1307 3596 1450 3652 videbatur
1474 3596 1625 3652 aditibeuda
1644 3598 1789 3667 excipienti

143 3664 296 3720 Historiam
312 3667 479 3735 composuit:
495 3668 565 3734 quod
579 3667 692 3735 ipsemet
703 3673 766 3721 atate
779 3680 856 3721 suam
870 3664 945 3721 addi·
993 3664 1105 3722 Adriani
1119 3665 1224 3721 litteras
1236 3681 1269 3720 es
1284 3666 1470 3737 atttographis,
1498 3682 1559 3721 cttrn
1575 3667 1688 3723 Carolus
1699 3668 1728 3722 iu
1738 3670 1789 3725 Go-

143 3736 248 3791 tionem
261 3736 297 3790 ad
310 3736 441 3790 Plotinam
455 3745 578 3800 testatur,
603 3736 729 3791 lectorem
748 3737 785 3790 ita
811 3749 942 3790 monens:
993 3734 1081 3790 dicem
1093 3735 1187 3791 referri
1202 3735 1355 3791 easuciuit.
1377 3736 1603 3807 Panriraiusipse,
1620 3737 1789 3807 quodanajus

145 3806 246 3860 «Ante
269 3821 358 3860 antuus
373 3807 481 3862 circiter
495 3814 565 3871 octo,
589 3805 699 3861 bortatu
725 3805 844 3861 Marcelli
860 3805 942 3861 card.
994 3812 1044 3870 cst,
1067 3806 1188 3861 eamdem
1202 3820 1258 3860 rem
1273 3806 1409 3886 peccant:
1431 3822 1492 3860 uam
1506 3806 1597 3874 tegens
1622 3806 1648 3859 in
1660 3812 1789 3889 synopsi:

142 3884 247 3931 macte
257 3875 364 3940 Crucis,
379 3890 457 3945 quem
471 3883 563 3948 pastea
580 3890 715 3930 sumntum
733 3876 890 3945 pontilicem
903 3875 944 3928 ri-
994 3873 1188 3928 Patrimonium
1194 3887 1277 3929 rouen
1290 3875 1439 3946 Petricpud
1448 3875 1666 3940 ducenrwtemea,
1674 3890 1788 3948 ipsemet

143 3945 246 4011 minos,
262 3946 308 4002 cui
322 3960 373 4018 ego
383 3962 426 4000 me
438 3954 503 4001 tunc
514 3946 642 4016 temporis
651 3946 678 3999 in
691 3945 844 4002 clientelam
858 3954 943 4001 toturn
994 3945 1120 3999 secundis
1131 3946 1204 3999 curis
1222 3945 1326 4014 posuit:
1346 3944 1521 3999 Rauennates.
1545 3944 1622 4011 Quod
1635 3955 1737 4013 quanto
1752 3950 1788 4003 sit

143 4016 285 4082 deletam,
302 4017 413 4072 beatiet
425 4017 586 4072 sanctissimi
610 4016 746 4071 illinsriri
769 4015 884 4070 uirtutes
897 4015 944 4069 ad·
993 4015 1145 4085 proximum
1167 4014 1309 4070 interuallo
1321 4013 1462 4069 seuoernirc
1485 4012 1647 4079 litterarum,
1672 4016 1785 4086 simplet

143 4086 270 4153 miratus,
283 4086 319 4141 ab
327 4086 448 4142 historiis
458 4086 802 4156 proianisecnseribendis,
812 4086 845 4141 ad
857 4086 945 4141 eccie-
993 4100 1087 4140 earum
1105 4085 1186 4141 lectio
1200 4086 1309 4156 planum
1327 4083 1399 4140 lacit.
1424 4082 1502 4148 Nam,
1519 4094 1698 4155 praeterquam
1715 4090 1787 4156 quod

143 4156 272 4212 siasticas
286 4171 332 4212 res
342 4171 427 4228 usque
438 4159 473 4212 ad
488 4172 520 4212 ea
531 4165 653 4227 tempora
663 4157 780 4226 apaucis
788 4164 835 4210 aut
849 4155 944 4210 leuiter
994 4155 1129 4211 iiareunae
1146 4157 1338 4226 patrimonium
1349 4153 1472 4225 Gregorii
1488 4155 1575 4225 lingui
1588 4162 1709 4224 ternpore
1720 4158 1787 4212 cele

143 4234 273 4291 numus,
301 4236 347 4282 aut
359 4227 469 4283 omnino
486 4227 632 4299 neglectas,
654 4227 809 4282 tractandas
820 4234 847 4281 et
858 4225 944 4296 expli·
993 4225 1153 4292 berrimum,
1173 4235 1271 4282 cuncto
1285 4226 1432 4281 exarchatu
1444 4240 1515 4280 outae
1540 4225 1786 4294 addinpomttctae

143 4298 245 4352 modas
260 4296 383 4353 animum
392 4299 523 4353 conuerti.
541 4317 550 4351 ι
994 4295 1099 4359 ditioni,
1115 4303 1236 4351 nouerat
1248 4313 1298 4351 cur
1311 4303 1491 4366 repeteretur;
1510 4296 1645 4350 Adrianus
1654 4296 1718 4350 alibi
1733 4295 1784 4369 (ep.

188 4365 223 4420 x.
242 4366 382 4438 Syuopses
398 4368 457 4423 illas
468 4368 610 4440 diiigenter
622 4368 714 4439 excepi
724 4366 845 4423 omnium
857 4366 943 4422 oculis
993 4365 1038 4432 59,
1050 4364 1138 4439 alib)
1159 4367 1300 4439 perspicue
1312 4365 1367 4435 agit
1380 4367 1412 4421 de
1427 4365 1565 4421 Scainend
1574 4365 1731 4437 pmrimcnic
1746 4366 1786 4421 in·

142 4435 332 4504 subiecturus:
345 4448 373 4491 at
388 4439 451 4508 quia
463 4440 579 4493 utatima
590 4438 943 4507 occurritdiscrepantiain«
994 4444 1036 4492 ter
1044 4437 1096 4491 alia
1112 4452 1172 4505 qnae
1184 4438 1348 4492 restituenda
1369 4444 1457 4502 erant,
1478 4435 1681 4491 Ravennatcnsi
1699 4435 1786 4492 nulla·

144 4507 256 4563 terillas
269 4516 298 4563 et
310 4509 419 4565 Codicis
432 4507 549 4582 Carolini
569 4508 705 4578 epistolas,
732 4508 791 4564 aliae
807 4508 939 4578 siquidem
956 4490 1074 4564 Dtentrs
1092 4518 1251 4563 memorato.

143 4576 196 4632 alio
210 4577 309 4634 ordine
320 4579 430 4649 digesta}
440 4588 512 4643 sunt,
525 4585 604 4648 atque
614 4581 755 4661 utrobique
768 4576 896 4633 chronolo
915 4577 940 4632 ia
1027 4577 1073 4632 xl.
1093 4577 1163 4644 Quid
1173 4585 1262 4633 autem
1274 4575 1369 4646 plural
1395 4577 1530 4642 Labheus,
1546 4575 1675 4647 inspectis
1686 4576 1785 4645 episto

143 4648 234 4702 minus
246 4657 323 4703 reeta
335 4656 387 4713 est,
404 4648 665 4720 subjiceresiugulas
681 4648 802 4721 epistolis
817 4647 874 4703 suis
894 4595 941 4704 ἕε-
990 4648 1034 4712 iis,
1046 4648 1185 4719 quaestioni
1198 4648 1278 4704 linem
1290 4647 1389 4713 attulit,
1403 4648 1539 4717 synopsim
1552 4646 1622 4701 hanc
1633 4646 1784 4702 exhibenst

144 4714 267 4781 lber-ari,
281 4733 351 4787 quas
368 4719 402 4773 ad
417 4734 502 4774 antros
521 4718 579 4775 lere
588 4730 678 4775 certos
688 4720 815 4775 diducere
827 4726 940 4774 coriatus
993 4719 1090 4786 «Quod
1100 4718 1235 4789 integrum
1247 4719 1333 4772 saneti
1346 4717 1418 4772 Petri
1429 4718 1621 4788 patrimonium
1636 4716 1785 4772 Sahiucnso

143 4800 214 4853 sum,
238 4789 355 4843 nimium
377 4788 461 4846 iibere
475 4798 603 4859 uagantes
621 4790 691 4872 apud
705 4788 826 4844 eruditos
838 4788 939 4859 aliquot
989 4790 1172 4846 cotrtraditum
1187 4788 1302 4843 nonsit:
1326 4787 1405 4855 idque
1420 4787 1611 4842 testitteaturos
1629 4786 1685 4856 regi
1699 4786 1785 4866 ipsius

144 4859 321 4923 recentiores,
347 4858 393 4930 qui
414 4862 543 4930 temporis
555 4860 650 4915 incerti
673 4860 843 4915 occasionem
855 4860 938 4926 nacti,
990 4860 1089 4915 missos
1105 4860 1236 4914 itherium
1259 4866 1286 4911 et
1300 4856 1487 4927 blaginarium,
1510 4857 1533 4912 si
1544 4854 1711 4928 apprehensa
1725 4871 1784 4922 cyris

143 4927 178 4980 ad
190 4943 255 4984 suas
265 4929 411 4999 opiniones
434 4929 603 4994 asserendas,
630 4930 690 4986 ioco
712 4945 758 4986 eas
769 4943 878 4985 arcuere
889 4930 941 4984 im-
990 4931 1101 4985 dextera
1121 4929 1214 4998 jurare
1229 4927 1407 4996 jubeantur.»
1437 4929 1524 4995 Quam
1541 4942 1598 4981 reru
1612 4925 1721 4980 siluisse
1733 4924 1796 4979 Pa·t

143 4999 456 5070 punepcsseratisunt.
493 5000 585 5070 Neque
601 4999 627 5055 id
645 5008 721 5071 putet
734 4999 830 5070 aliquis
841 5014 940 5069 perure
989 5001 1062 5070 giuro
1074 5014 1268 5068 censoremque
1291 4996 1349 5066 ejus
1372 5013 1505 5068 nuperum
1530 4997 1561 5050 P.
1579 4996 1712 5051 hiensium
1739 5005 1783 5050 cst

144 5067 210 5131 lieri,
224 5077 254 5124 ut
267 5083 370 5125 menae
382 5069 492 5125 lectoris
503 5070 558 5125 otio
567 5073 674 5126 abutar.
697 5070 817 5125 Breviori
831 5070 939 5139 quidem
989 5069 1060 5140 quod
1073 5069 1165 5133 mirer,
1181 5084 1242 5124 cum
1256 5069 1391 5138 praecipue
1408 5068 1514 5122 rideam
1532 5067 1720 5128 iluratorium,
1736 5067 1782 5134 qni

144 5136 187 5191 ria
206 5138 296 5195 incedi
311 5148 404 5211 posset
417 5142 560 5206 monendo,
583 5140 655 5211 qnod
669 5155 808 5211 synopses,
826 5155 873 5194 seu
896 5155 940 5194 ar·
989 5140 1218 5210 nullampraeterit
1232 5139 1402 5193 occasionem
1425 5137 1602 5193 labefactandi
1624 5135 1781 5206 pontitlcmn

143 5219 272 5289 gementu
289 5209 453 5275 litterarum,
478 5227 537 5281 quae
549 5211 638 5284 primo
659 5211 767 5281 scripsit
781 5207 937 5275 paravimus,
989 5210 1199 5266 dominationem
1214 5210 1242 5263 in
1256 5209 1333 5278 121
1348 5208 1507 5272 exarchatu,
1520 5207 1657 5263 monuisse
1671 5204 1779 5285 (Arnai.

144 5280 280 5349 ipsissima
304 5281 350 5335 ilia
369 5289 433 5336 suot
450 5297 510 5352 quae
530 5283 599 5351 apud
614 5281 816 5337 centuriatores
833 5294 939 5334 summa
989 5279 1052 5351 tte)
1065 5293 1115 5347 pro
1127 5277 1449 5350 Rarcnttcuseicgcodum
1461 5277 1614 5334 Sullanae.
1634 5275 1711 5342 Quod
1721 5289 1782 5342 qut·

142 5363 205 5403 eum
218 5352 271 5407 lide
284 5350 455 5417 rcicnmtur3
474 5367 534 5423 quae
546 5359 636 5407 autern
646 5351 792 5406 Panvinius
810 5350 880 5405 idem
893 5366 938 5404 rc·
989 5352 1050 5406 dem
1063 5349 1133 5403 haud
1144 5347 1262 5413 iecisset,
1275 5348 1327 5404 nisi
1341 5350 1475 5404 sententia
1488 5348 1639 5404 litterarum
1653 5351 1779 5405 mamus:

141 5422 257 5483 censuit,
273 5422 407 5477 Beronius
420 5422 538 5491 primurn
549 5423 574 5477 in
591 5423 648 5477 suis
660 5421 811 5477 Annalibus
831 5420 939 5491 euulga·
988 5435 1064 5485 nam,
1086 5418 1190 5489 Pippini
1207 5419 1351 5474 donatione
1363 5420 1526 5475 exarchatus
1538 5425 1566 5472 ct
1579 5413 1732 5494 Pentapolis
1745 5415 1781 5494 cit

141 5489 192 5554 rii,
215 5491 332 5563 indeque
345 5493 372 5546 in
399 5492 586 5548 collectionem
604 5491 784 5548 Conciliorum
809 5490 938 5545 translata
988 5491 1231 5547 eamdcmcausam
1245 5489 1372 5555 admissa,
1390 5489 1537 5546 dominium
1550 5493 1649 5542 sanctae
1662 5486 1739 5566 ‘sedis
1753 5499 1781 5538 tn

141 5568 216 5613 sunt.
250 5563 286 5616 ht
311 5561 459 5619 caniinaiis
483 5563 655 5619 doctissimus
677 5561 799 5633 religioni
818 5576 873 5617 uon
891 5562 939 5615 ha·
988 5562 1099 5616 dubium
1111 5568 1228 5621 reuocat,
1243 5576 1275 5615 ac
1285 5574 1353 5629 pene
1360 5558 1495 5616 corrueliit.
1509 5557 1614 5613 videsis
1626 5568 1707 5608 aumu
1720 5567 1781 5623 gra.

142 5628 212 5696 bttit,
225 5636 408 5699 autrerbum,
421 5643 468 5688 aut
489 5634 650 5689 sententiam
665 5633 825 5703 quandoque
839 5630 938 5701 aliqua·
989 5630 1027 5686 tia
1046 5629 1163 5685 diunales
1178 5628 1298 5693 italicos,
1324 5646 1369 5684 an.
1396 5629 1475 5692 ilil'i,
1498 5626 1576 5691 tute,
1601 5625 1679 5690 tuat,
1692 5624 1779 5708 ‚migr

144 5706 223 5756 trous
237 5702 392 5768 immutare,
405 5700 935 5770 autcutendationcsttonctnnincsequi.
989 5702 1069 5767 1959,
1084 5700 1163 5762 lato,
1179 5700 1257 5754 letti.
1292 5700 1357 5766 Qtrte
1380 5707 1470 5753 autem
1492 5699 1587 5754 melior
1609 5711 1718 5752 occasio
1732 5695 1781 5777 ‚¹¹.¹¹

144 5767 274 5843 Encolpio
294 5776 424 5845 sintque
439 5775 596 5844 iutptmsens
609 5788 724 5845 excerpo
735 5789 767 5830 ex
781 5772 857 5829 Pauli
881 5774 937 5841 epi·
988 5775 1074 5844 potuit
1085 5771 1185 5836 osserri,
1205 5787 1284 5841 quant
1297 5770 1452 5844 patrimonii
1471 5769 1635 5826 ilareunatis
1655 5773 1781 5836 repetitio

264 5870 405 5933 Parnoi..
431 5867 573 5932 xcviii.
1580 5865 1600 5926 ὅ
