4050 6192
276 191 375 264 rus
690 223 693 230 ·
735 183 782 256 ab
799 183 914 256 onena
933 199 963 253 n.
983 196 1110 255 cauom
1130 195 1237 253 uacui
1256 195 1437 254 uersuum.
1804 211 1857 268 q„

273 307 1389 451 ld¹¹tb⁰t⁹¹⁵ilbil¹³ll¹¹btbub'ldlrlll*imitabilia
1402 310 1859 445 taaaauueegn

274 407 371 534 {faida
385 405 419 514 etg
428 429 531 529 experti
545 399 750 510 suntharapcaeni
787 466 928 506 raucorum
952 451 1059 521 prelio,
1110 463 1223 519 ponens,
1238 448 1304 503 nibil
1318 449 1344 503 oi
1358 396 1497 506 saffira,
1515 394 1861 522 pmfflggmffi‘si'em'ss

274 532 320 602 qui
334 546 368 586 cr
385 529 464 600 Syria
489 524 589 596 egressi
604 532 675 587 sunt,
689 521 814 578 carolum
839 520 1013 576 torusstnan
1032 521 1060 574 ia
1109 518 1230 588 praebere
1240 520 1412 587 quatenusad
1425 521 1532 590 propria
1543 533 1682 578 remearet.
1695 525 1793 584 lllirero
1802 534 1860 590 mirsi

273 601 399 657 omnibus
413 603 578 668 repererunt.
590 593 649 665 lpse
658 607 721 648 rem
730 591 843 648 Carolus
850 591 935 661 spolia
948 589 1060 645 collecta
1130 586 1312 651 remittebant,
1323 603 1376 642 non
1387 588 1466 644 aliter
1479 590 1617 645 dominum
1628 591 1769 663 Pipinuma
1784 598 1860 659 lluibn

274 678 302 726 et
324 669 459 739 copiosam
466 667 584 736 pralon
594 679 656 720 cum
670 668 860 728 reverteretur,
877 658 1059 729 hlagdalonam
1110 601 1305 738 [angpbaruie
1315 671 1375 712 csse
1387 657 1581 727 proiecturum,
1596 661 1648 716 nisi
1690 663 1729 719 ‘us
1742 664 1862 728 llaistuiup

274 739 375 796 destrui
386 738 522 809 praecepit.
538 733 670 788 Nemauso
683 746 759 796 vero,
776 745 885 785 arenam
899 730 1017 785 civitatis
1028 727 1061 783 il·
1107 733 1342 792 Justrtramsaacto
1351 725 1432 782 Petro
1443 726 1553 783 laceret.
1566 728 1710 787 llaistulus
1733 743 1809 791 autera
1829 755 1862 795 ro

273 809 326 866 lius
340 818 420 878 atque
429 815 522 877 portas
537 803 651 858 cremari
671 800 761 872 jussit,
772 810 853 870 atquc
864 799 1003 855 obsidibus
1013 813 1047 853 ae
1110 794 1221 863 quisirit
1231 809 1292 863 quae
1303 794 1348 849 illa
1362 794 1468 864 justitia
1491 805 1576 863 eseet;
1599 800 1641 856 ani
1654 800 1729 871 1032st
1746 810 1862 875 mm

275 880 360 950 ceptis
372 891 495 933 resersus
508 874 586 930 estin
604 871 699 926 Franci
710 886 755 925 un.
1110 871 1192 917 mut:
1213 863 1246 919 Ut
1263 865 1289 919 ei
1312 864 1409 946 reddas
1435 865 1613 938 Pentapolim,
1627 868 1742 933 llamias,
1763 882 1785 927 et
1798 875 1852 930 eoa,

383 971 387 974 ’
486 954 497 965 ”
558 979 674 1040 eurus
691 978 801 1033 rrrrnr.
1110 935 1438 1071 gssffapesslegffigrffie
1463 1015 1473 1058 r
1486 937 1762 1062 ffimffff
1776 945 1862 1068 paupe

308 1080 481 1133 Annoncc...
500 1072 613 1127 Carolus
661 1070 751 1137 inceps
761 1068 838 1132 obiit,
851 1068 972 1149 regnarit
983 1067 1062 1149 abab
1110 1071 1182 1194 ppod
1198 1070 1220 1124 si
1229 1069 1360 1137 iustitiam
1378 1081 1471 1128 sancto
1481 1074 1561 1130 Petro
1573 1076 1684 1133 reddere
1695 1079 1743 1142 ris,
1755 1008 1862 1137 mina}

273 1142 619 1205 Sbetrnenses6.0biitrr
652 1141 761 1193 alendas
776 1138 942 1203 Novembris,
957 1137 1059 1206 iilrrque
1147 1139 1252 1195 oderim
1265 1140 1349 1195 millia
1369 1141 1524 1198 solidorum.
1542 1145 1746 1210 Haistullusbis
1766 1151 1863 1207 omnim,

273 1218 331 1287 ejus
343 1217 454 1287 Pipinus
472 1223 500 1266 et
512 1211 708 1268 carlomannus
719 1209 898 1290 principatum
916 1207 1001 1277 patris
1014 1207 1059 1261 in·
1110 1208 1221 1331 ppretis,
1239 1207 1341 1280 Qatnu
1350 1212 1452 1281 absque
1463 1212 1525 1270 ullis
1535 1215 1655 1283 pacilicia
1667 1217 1751 1271 verbis
1763 1218 1863 1277 umen

274 1298 315 1345 ter
329 1303 359 1342 se
381 1285 513 1340 dividunt.
537 1280 733 1336 Carlomannus
747 1279 864 1340 Austrra,
877 1276 1036 1331 Alamanma
1050 1313 1058 1343 ,
1160 1277 1221 1333 inus
1232 1279 1313 1349 igitur
1323 1280 1375 1335 iter
1387 1290 1504 1352 emptum
1515 1298 1648 1356 peragens
1661 1285 1694 1338 ad
1718 1284 1802 1341 Clusae
1812 1287 1864 1342 haa-

267 1367 352 1426 ,atque
373 1353 500 1420 Furingia
522 1351 643 1429 sortitum
659 1348 857 1428 Pipinusnrcro
877 1345 1060 1428 burgundiam
1110 1293 1289 1417 godardorum
1300 1350 1430 1420 peruenit,
1446 1352 1551 1422 illisque
1561 1353 1675 1417 dirutis,
1699 1353 1863 1416 ctllaisnitm

272 1436 352 1495 atque
369 1422 539 1479 Provinciam
552 1418 936 1497 acecpit.Zacbarrasuatrorre
950 1414 1061 1470 Graecus
1110 1431 1173 1471 eum
1183 1416 1366 1485 Langobardis
1381 1420 1407 1474 iu
1420 1419 1512 1492 lugam
1526 1422 1656 1492 expulsis,
1670 1423 1772 1493 Papiam
1791 1426 1863 1482 ciria·

272 1497 301 1553 S.
317 1498 349 1550 R.
361 1495 391 1548 E.
403 1508 472 1563 papa
487 1490 559 1546 sedit
577 1487 677 1542 Romae.
694 1486 780 1555 hugus
792 1486 958 1566 temporibus
968 1483 1061 1541 Carlo-
1111 1493 1165 1540 tem
1196 1486 1302 1542 obsedit
1322 1502 1422 1544 annum
1442 1496 1524 1545 udum
1543 1500 1573 1545 et
1594 1503 1701 1548 menses
1712 1501 1775 1558 tres,
1793 1495 1864 1564 inqu

270 1579 386 1621 mannus
401 1576 448 1617 rex
462 1560 637 1620 Francorum,
653 1554 851 1627 liliuspraedictr
864 1554 994 1625 principis
1005 1554 1060 1610 Ca·
1110 1554 1271 1612 llalstuliom
1284 1556 1432 1625 includens,
1445 1559 1482 1615 ita
1499 1576 1548 1630 per
1566 1560 1613 1616 bei
1635 1560 1788 1630 arljutoriuru
1809 1561 1864 1619 ilina

271 1635 332 1700 roli,
347 1634 431 1687 frater
444 1629 542 1700 Pipini,
554 1627 743 1683 diuinoamore
759 1634 787 1680 ct
801 1623 1060 1706 desideriocoelestis
1072 1655 1098 1717 B
1112 1624 1271 1691 coarctavit,
1283 1634 1314 1681 ut
1325 1628 1544 1699 omnesjustitias
1555 1631 1642 1685 sancti
1655 1629 1724 1686 Petri
1735 1647 1761 1688 se
1774 1633 1866 1688 mann

270 1705 365 1775 patriae
378 1710 562 1770 cumpunctus,
574 1704 669 1766 sponte
683 1710 794 1765 regnum
809 1694 926 1763 requnrt,
937 1693 1060 1763 illiusque
1112 1709 1173 1750 rum
1194 1696 1402 1764 repromitteret.
1434 1699 1481 1753 llis
1500 1700 1581 1755 minis
1601 1700 1744 1756 ”aistulfus
1764 1710 1866 1771 tyrannm
1949 1737 1950 1740 η

268 1789 333 1830 suos
342 1773 436 1842 Pipiuo
451 1769 528 1823 iratri
546 1765 759 1822 commendavit:
774 1765 831 1834 ipse
858 1778 923 1818 rem
946 1763 1061 1819 Romam
1111 1763 1234 1828 territae,
1245 1780 1295 1835 per
1310 1781 1406 1822 manus
1421 1767 1599 1839 Pentapolim,
1611 1769 1866 1835 Narniamdocannn,

271 1857 395 1914 pergens,
411 1839 445 1893 ad
457 1839 549 1892 limina
562 1836 631 1890 beati
644 1834 716 1890 Petri
730 1833 843 1905 apostoli
856 1849 918 1889 cum
937 1834 1061 1903 plurimis
1110 1842 1140 1889 et
1152 1833 1255 1915 reliqua
1267 1835 1356 1890 debita
1365 1851 1425 1905 quae
1436 1848 1529 1894 sancto
1541 1839 1622 1895 Petro
1635 1840 1777 1905 debuerat,
1799 1842 1868 1897 missu

271 1913 327 1967 suis
339 1909 513 1982 optimatibus
525 1916 553 1962 et
566 1905 644 1960 donis
666 1903 906 1959 innumerabilibus
920 1905 1059 1973 persenit,
1112 1903 1214 1959 domini
1224 1903 1311 1974 Prpini
1374 1908 1398 1961 is
1409 1922 1461 1977 per
1472 1908 1580 1966 radium
1603 1908 1732 1972 reddidit,
1749 1918 1776 1965 et
1783 1911 1868 1981 triginta

270 1990 299 2038 et
310 1989 372 2035 ante
383 1995 412 2035 sc
432 1977 535 2032 nicrum
545 1975 621 2056 beati·
631 1974 704 2028 Petri
716 1974 813 2056 posuit,
822 1973 973 2042 capitisque
983 1987 1060 2028 coma
1111 1973 1196 2055 millia
1206 1919 1459 2047 solidamidgtipino
1471 1978 1527 2060 regi
1542 1979 1648 2044 tribuit,
1662 1981 1814 2061 spopnrrnnis
1825 1981 1867 2035 sip.

270 2051 399 2122 deposita,
413 1995 539 2103 dautran
558 2043 725 2109 clericalem,
747 2045 889 2098 ordinante
913 2044 992 2098 heato
1010 2043 1061 2097 Za·
1112 2042 1182 2114 gulis
1194 2043 1273 2098 anuis
1287 2044 1314 2102 in
1329 2045 1480 2112 tributum,
1505 2049 1532 2103 ul
1547 2057 1590 2103 ast
1609 2064 1626 2102 v
1653 2050 1732 2103 mium
1752 2050 1869 2104 sqqqmm

270 2122 362 2176 charia
377 2133 455 2191 papa.
467 2115 620 2185 assumpsit,
630 2113 951 2184 aliquantoquctempore
961 2113 1060 2168 ibidem
1111 2113 1234 2192 partibus
1246 2113 1411 2170 Francorum
1425 2132 1455 2173 se
1467 2117 1646 2173 redditumm.
1655 2119 1715 2175 llec
1728 2119 1869 2187 amaiajars

270 2192 380 2245 mansit.
394 2187 513 2244 C⁰ss⁸l¹i⁰
529 2199 596 2239 lert>
610 2193 720 2255 aceepit)
732 2182 853 2251 eiusdem
867 2182 1011 2252 pontilicis,
1027 2182 1061 2237 ad
1108 2183 1225 2250 jurando
1232 2182 1406 2254 Haistulphua
1419 2202 1480 2242 cum
1490 2187 1571 2244 suisa
1591 2189 1728 2244 limatibus
1738 2189 1869 2245 etomaibn

270 2260 397 2316 Casinrua
409 2264 528 2314 munem
541 2263 570 2311 ct
583 2255 736 2310 coeuohium
749 2253 834 2309 sancti
848 2252 984 2308 Benedicti
1035 2268 1062 2308 r-
1113 2249 1248 2309 nobilibus
1261 2253 1495 2324 Langobardorum
1510 2204 1756 2329 seadimpleturum
1767 2273 1870 2328 cssespo

270 2332 351 2397 rexit,
362 2329 452 2398 ibique
477 2325 658 2380 obedientiam
683 2325 834 2396 regularem
846 2320 945 2393 Optato
969 2323 1003 2377 ab
1024 2322 1060 2377 ati
1149 2322 1216 2387 ndit,
1230 2330 1259 2378 et
1272 2322 1499 2382 drmitatiscausa
1512 2326 1587 2382 dedit
1599 2328 1658 2399 regi
1674 2328 1802 2400 Prpinode
1811 2328 1869 2383 nobi·

270 2400 439 2472 promittens,
447 2394 633 2452 monachicam
640 2395 834 2476 professionem
846 2392 999 2463 spopondit.
1017 2391 1061 2446 Pi·
1110 2335 1184 2446 fidus
1194 2392 1431 2464 Langobardorum
1447 2412 1481 2450 rr.
1495 2397 1616 2452 obsides.

270 2471 350 2543 pinus
365 2483 431 2523 vero
451 2480 564 2537 regnum
578 2472 664 2535 patris
677 2472 762 2520 totum
791 2463 843 2519 sibi
870 2462 1010 2527 riallon,
1035 2469 1062 2517 et
1112 2465 1116 2478 ¹
1148 2460 1334 2543 Pipinusvem
1353 2475 1462 2536 accepta
1481 2466 1669 2524 benedictione
1686 2467 1771 2526 domm
1788 2474 1871 2535 aposte-

306 2556 320 2594 r
332 2538 521 2593 auctoritatem
535 2534 650 2590 Romani
671 2534 807 2605 pontilicis
827 2547 861 2587 ex
875 2531 1001 2614 praelecto
1014 2547 1063 2601 pa-
1113 2530 1157 2586 liei
1181 2547 1209 2586 rn
1229 2547 1297 2602 pace
1314 2546 1377 2588 eum
1398 2537 1473 2590 abire
1484 2537 1616 2604 permisit,
1642 2536 1748 2592 tradens
1757 2537 1780 2590 ci
1791 2537 1871 2590 barca

269 2556 328 2665 pacm
347 2624 395 2664 rea
407 2605 577 2662 constitutus.
588 2602 651 2659 Post
660 2606 764 2659 obitum
775 2604 914 2660 Zacharrae
926 2602 1062 2672 pontilicis
1114 2615 1185 2665 nam,
1200 2600 1377 2673 Pentapolim,
1391 2604 1515 2668 Narniae,
1527 2605 1675 2672 Gceanum,
1687 2615 1715 2662 et
1725 2605 1838 2677 quidquid
1851 2607 1871 2659 ia

272 2678 426 2803 Stephanus
437 2676 547 2730 natione
557 2674 668 2730 Graccus
682 2675 752 2730 sedit
776 2675 803 2728 in
827 2671 995 2743 pontificatu.
1011 2671 1064 2727 llic
1112 2670 1167 2725 illis
1185 2672 1309 2740 partibus
1328 2674 1526 2730 continebatur.
1552 2675 1600 2731 llis
1620 2677 1745 2734 omnibus
1762 2676 1870 2746 peractis,
1949 2729 1950 2732 ,

273 2744 676 2817 moestiabangobarloramet
691 2744 816 2815 superbia
831 2740 1062 2815 llaistulpbircgis
1113 2739 1224 2810 Pipinus
1246 2742 1334 2798 uictor
1362 2743 1395 2798 ad
1422 2746 1531 2869 flmwia
1554 2748 1697 2804 remearit.
1729 2746 1783 2814 Quo
1801 2759 1871 2799 reru-
1949 2749 1950 2752 ’

271 2835 325 2875 non
336 2816 478 2880 sufferens,
494 2813 527 2869 ad
535 2813 718 2870 defensionem
739 2813 825 2884 Pipini
848 2813 919 2883 regis
944 2812 964 2866 F
967 2826 1062 2867 raneo-
1114 2818 1189 2866 iente
1210 2813 1237 2866 in
1257 2812 1392 2876 Francia,
1447 2813 1571 2871 aistulfus
1591 2816 1712 2886 perfidus
1738 2831 1781 2870 rer
1802 2815 1871 2870 ouria
1949 2871 1950 2882 ,

270 2885 523 2958 rumquzerendam,
537 2885 659 2955 partibus
674 2884 793 2940 Francia
803 2884 897 2954 pergit.
913 2882 1061 2951 Quodeum
1113 2896 1281 2951 quaecunque
1309 2884 1472 2952 promiserat
1502 2887 1702 2942 comumaciter
1842 2883 1871 2944 it,

270 2960 421 3015 nuntiatum
437 2955 533 3010 luisset
548 2953 732 3024 regiPipino,
753 2969 852 3024 magno
876 2954 994 3024 repletus
1019 2959 1062 3007 est
1112 2958 1141 3006 et
1162 2952 1327 3022 Stephanum
1352 2968 1449 3024 papam
1474 2969 1536 3010 cum
1561 2956 1649 3013 armis
1678 2972 1694 3011 a
1740 2956 1810 3013 albu
1831 2951 1872 3012 tui

271 3030 379 3100 gaudio,
390 3027 529 3095 liliumque
542 3039 620 3079 suum
635 3024 843 3104 primogenitum
865 3022 1001 3087 Carnium,
1014 3023 1061 3104 qui
1074 2999 1099 3067 c
1114 3020 1225 3147 expulit.
1770 3043 1772 3046 ·

271 3107 333 3181 post
342 3112 403 3153 eum
415 3103 574 3165 regnaturus
587 3102 655 3161 erat,
669 3095 776 3149 obviarn
785 3109 811 3149 er
824 3094 900 3149 abire
913 3100 1060 3165 praeceprt,
1171 3091 1250 3148 odem
1270 3106 1341 3149 annu
1357 3093 1436 3150 bouae
1455 3094 1594 3151 memor-ire
1603 3094 1873 3152 Carlomauuusmoua

271 3181 414 3239 ipsumque
426 3180 487 3218 cum
501 3164 603 3219 bonore
623 3165 657 3218 ad
679 3163 850 3234 praesentiam
871 3161 930 3231 ejus
954 3164 981 3216 in
999 3162 1062 3218 villa
1112 3161 1180 3218 chus
1192 3163 1318 3232 migrarit
1338 3164 1372 3220 ad
1387 3164 1543 3227 Dominum,
1558 3165 1752 3221 etBonilaclus
1769 3161 1874 3232 armies

271 3252 332 3308 quae
344 3236 443 3289 dicitur
453 3232 526 3288 Pons
540 3233 659 3303 llugonis
676 3233 823 3297 adducere;
848 3232 939 3302 ibique
951 3232 1063 3289 veniens
1112 3231 1457 3302 scopusinFrisiaserbum
1468 3233 1517 3291 Dei
1527 3233 1874 3293 aurilianscoroaatur.luuc
1949 3255 1950 3274 t

271 3305 536 3384 praelianspapaa
557 3301 652 3373 Pipino
717 3301 900 3378 ehonorillce
922 3310 1064 3372 susceptus
1112 3301 1263 3358 Haistullus
1282 3316 1330 3358 rex
1352 3303 1589 3372 Langobardorum
1607 3304 1691 3362 iidem
1709 3319 1784 3378 qnam
1800 3302 1873 3373 Pipim

271 3384 321 3432 est.
337 3375 465 3443 Sequenti
482 3373 526 3427 die
538 3386 592 3425 una
607 3387 669 3426 cum
681 3387 754 3428 cero
765 3386 950 3442 subaspersus
971 3373 1064 3427 cinere
1111 3373 1274 3443 promiserat
1292 3371 1402 3438 lelcllit,
1420 3387 1483 3429 cum
1501 3374 1621 3430 exercitu
1635 3376 1770 3431 Romanas
1781 3372 1876 3429 hauh

271 3442 520 3501 etindutuscilicio
539 3442 682 3497 interram
705 3451 865 3512 prostratus,
886 3457 935 3513 per
955 3442 1064 3498 miscri-
1112 3443 1223 3508 vadens,
1247 3443 1330 3497 etiam
1349 3443 1434 3514 ipsam
1455 3442 1556 3500 Urbem
1576 3445 1694 3501 olrsedit.
1718 3442 1875 3500 llecaudicat

271 3515 392 3573 cordiam
405 3513 452 3567 liei
464 3512 657 3583 omnipotentis
675 3520 704 3568 et
716 3512 813 3567 merita
835 3513 976 3568 beatorum
999 3527 1065 3584 apo·
1112 3511 1224 3583 Pipinus
1245 3528 1301 3577 rex,
1323 3513 1472 3570 exercitum
1489 3528 1660 3585 congregans
1675 3522 1704 3570 ct
1720 3529 1767 3584 per
1779 3514 1814 3568 Bu

271 3586 401 3643 stolorum
422 3581 493 3637 Petri
509 3590 537 3637 et
556 3581 631 3635 Pauli
648 3582 772 3652 Pipiuum
794 3596 885 3653 regem
902 3584 1062 3647 obsecrans,
1113 3581 1186 3637 diam
1208 3581 1405 3647 iterfaciens,
1437 3598 1523 3651 nsque
1544 3585 1578 3639 ad
1601 3585 1820 3640 llauriennamn

272 3665 303 3711 ut
314 3670 344 3710 sc
356 3661 384 3708 et
400 3653 526 3723 populum
553 3651 706 3708 Romanum
723 3651 757 3707 dc
779 3668 861 3707 manu
876 3652 1065 3724 Langobardo-
1112 3652 1244 3726 peruenit.
1267 3650 1330 3710 liae
1341 3667 1403 3710 cum
1413 3653 1542 3718 audisset,
1554 3652 1742 3726 Langobardis
1750 3652 1829 3709 dusas
1839 3651 1875 3703 dr·

272 3740 333 3784 rum
349 3733 377 3779 ct
389 3722 498 3793 superbi
525 3722 596 3792 regis
615 3720 765 3792 liaistulplri
780 3722 893 3778 seruitio
912 3722 1063 3789 liberaret,
1113 3737 1189 3777 mare
1209 3730 1290 3791 atque
1302 3721 1414 3787 Francis
1428 3719 1511 3791 jussit
1522 3723 1652 3780 resistere
1665 3720 1814 3784 llaistulius.
1824 3717 1877 3788 Pip'r·

272 3810 324 3852 nec
339 3801 417 3849 antea
431 3794 465 3849 dc
485 3800 557 3846 terra
574 3806 685 3861 surgere
709 3791 811 3857 voluit,
835 3806 917 3859 quam
941 3791 993 3846 sibi
1017 3807 1065 3848 rex
1113 3807 1166 3847 uus
1186 3792 1288 3846 interea
1308 3794 1452 3848 transactis
1463 3791 1574 3862 alpibus
1586 3809 1650 3849 curn
1662 3795 1759 3849 robore
1768 3790 1876 3846 eruatur
1949 3801 1950 3844 l

273 3861 603 3940 pradictusPipinuscnm
615 3861 676 3917 tiliis
690 3862 784 3916 suiset
796 3861 1065 3932 optimatibusFrau-
1114 3863 1165 3926 sui,
1184 3861 1271 3932 ipsum
1282 3860 1382 3916 raltun
1393 3861 1436 3917 rel
1455 3861 1613 3920 llrmitatem
1632 3878 1716 3935 quarn
1734 3856 1875 3930 langobardi

274 3949 367 3990 corum
385 3948 493 3988 manum
506 3932 818 4002 porrigerent,etipsum
831 3945 882 4003 pro
895 3930 1063 3986 indiciosul·
1115 3930 1274 3996 firmarant,
1300 3931 1450 3995 destruxit,
1475 3933 1625 3989 exercitum
1647 3948 1742 3988 eorum
1763 3931 1788 3986 in
1808 3928 1876 3997 lugan
1949 3977 1950 3980 ,

274 4003 351 4074 [rugii
368 4002 489 4057 luturiet
512 4000 679 4056 liberationis
693 4002 725 4056 de
740 4009 813 4056 terra
840 4003 970 4058 levarent.
988 4001 1065 4057 Tuae
1114 4002 1256 4065 convertit,
1279 3999 1342 4055 inde
1362 4002 1396 4057 ad
1413 4001 1536 4057 Ticinum
1556 4006 1655 4058 urbem
1674 4004 1877 4075 pervenittotap
1949 4009 1950 4018 ¹

274 4091 321 4129 rex
339 4073 450 4143 Pipinus
462 4086 570 4126 omnem
583 4069 1063 4142 pontificisroluntatemadimplens,
1115 4071 1189 4126 illam
1211 4071 1349 4142 regionem
1370 4071 1521 4134 devastans,
1544 4071 1618 4126 illam
1638 4071 1833 4127 munitissimam
1849 4077 1876 4119 a·

275 4144 374 4200 direxit
396 4141 507 4197 eumad
533 4142 727 4196 monasterium
742 4142 827 4195 sancti
853 4141 973 4212 Dionysii
993 4157 1066 4195 mar·
1114 4141 1226 4195 uitatem
1240 4141 1356 4196 obsedit.
1379 4141 1436 4196 lloc
1451 4140 1599 4198 Haistullus
1610 4156 1739 4206 cernens,
1752 4138 1877 4205 pullanum

274 4214 351 4285 tyris,
365 4227 480 4282 eumque
493 4211 531 4266 ibi
553 4225 659 4266 summo
681 4211 784 4265 honore
806 4219 834 4265 et
853 4210 990 4281 diligentia
1004 4211 1065 4266 hie-
1115 4224 1190 4280 spem
1211 4209 1342 4265 credendi
1362 4207 1482 4276 habens,
1504 4225 1553 4281 per
1571 4212 1793 4288 supplicationem
1810 4217 1877 4261 marr

274 4298 350 4339 mare
359 4282 496 4352 precaepit.
509 4280 593 4335 Porro
606 4281 715 4351 Pipiuus
726 4295 774 4335 rex
786 4279 947 4351 legationem
960 4281 993 4335 ad
1001 4280 1066 4335 ilai·
1115 4280 1208 4335 dotum
1229 4280 1335 4334 reniam
1357 4294 1372 4334 a
1392 4280 1640 4350 pmccltentissimo
1660 4295 1725 4351 rege
1743 4278 1828 4350 Pipiua
1843 4286 1878 4345 pt·

274 4354 513 4425 stulpbumrcgem
528 4351 763 4422 Langobardorum
778 4351 862 4413 misit,
879 4342 1245 4414 bertanscumDstularlt,
1275 4357 1303 4404 et
1335 4364 1367 4403 ea
1395 4365 1455 4418 quas
1482 4360 1576 4405 contra
1601 4348 1648 4420 jus
1671 4353 1715 4405 rel
1738 4347 1878 4406 sacnmcrla

275 4432 304 4477 ut
322 4430 432 4494 propter
446 4421 626 4477 reuerentiam
652 4419 833 4491 apostolorum
846 4419 920 4475 Petri
941 4427 970 4474 ct
988 4418 1066 4475 Pauli
1115 4425 1328 4489 perpetraverat,
1349 4418 1637 4488 secundumjudicinm
1648 4420 1805 4492 optimatum
1815 4415 1878 4471 rna

276 4493 498 4550 Romanasurbes
509 4506 561 4546 non
574 4489 713 4560 affligeret,
725 4498 753 4544 ct
762 4488 947 4561 superstitiose
953 4490 1003 4545 bas
1014 4491 1066 4545 lm·
1117 4504 1210 4545 corum
1227 4504 1257 4545 se
1270 4488 1426 4612 plenissima
1438 4489 1575 4545 voluntate
1589 4490 1738 4545 emendare
1753 4482 1878 4559 spopondit

275 4563 334 4632 pias
348 4561 570 4631 praesumptiones
579 4567 672 4614 contra
685 4559 838 4628 pontificem
853 4558 1067 4616 Romanaeurbis
1117 4559 1256 4616 liesbern
1294 4559 1382 4628 ipinus
1401 4558 1481 4615 solito
1500 4574 1577 4615 more
1596 4560 1878 4614 misericordiarum

276 4647 329 4686 non
347 4628 635 4683 moreretsediidem
662 4627 742 4698 legati
769 4643 852 4699 super
874 4629 918 4684 bis
940 4630 1068 4685 omnibus
1117 4645 1132 4685 r
1185 4643 1230 4683 um
1250 4630 1380 4686 civitam
1403 4629 1546 4685 concessit.
1577 4627 1729 4684 llaistulius
1747 4634 1828 4681 autem
1845 4632 1879 4691 pti

277 4715 336 4770 qnae
348 4699 474 4770 princeps
484 4696 596 4767 Pipinus
606 4699 791 4764 mandauerat,
807 4698 874 4754 nihil
884 4698 957 4754 aliud
975 4699 1067 4756 abillo
1114 4695 1144 4769 iu
1164 4699 1245 4754 icium
1258 4696 1422 4754 Francorum
1435 4698 1590 4754 tlresaumm
1606 4700 1681 4768 quod
1702 4699 1730 4752 in
1742 4695 1881 4752 Ticinoent

277 4771 393 4840 superbo
417 4776 532 4840 tyranno
553 4767 604 4822 nisi
629 4767 707 4837 plena
736 4768 861 4837 superbia
885 4784 1015 4838 responsa
1039 4778 1067 4826 et
1118 4768 1225 4824 tertiam
1243 4776 1348 4838 partem
1369 4767 1464 4837 Pipino
1483 4766 1603 4834 tradidit,
1616 4775 1788 4823 sacramenta
1804 4764 1880 4817 tran

276 4838 445 4896 contumacia
458 4838 538 4893 rerba
552 4835 645 4891 audire
669 4845 834 4891 memerunt.
847 4838 895 4893 Ste
914 4839 999 4894 banus
1020 4853 1068 4893 au·
1117 4853 1261 4902 renovans,
1280 4837 1440 4906 obsidesque
1460 4837 1592 4903 tribuens,
1611 4836 1739 4907 promisit
1755 4850 1784 4890 se
1797 4839 1880 4908 murt!

277 4919 331 4967 tem
367 4924 417 4979 ·pa
444 4909 531 4979 ipsum
551 4907 701 4978 piissimum
722 4906 872 4978 principem
909 4908 1010 4980 'pinum
1025 4923 1068 4963 re-
1118 4923 1178 4964 esse
1195 4908 1310 4971 lidelem,
1322 4914 1352 4962 et
1362 4905 1476 4961 annuale
1498 4907 1627 4963 tributum
1644 4907 1719 4977 quod
1735 4903 1882 4961 iniusta

277 4995 338 5052 gem
371 4990 513 5035 raucorum
524 4993 556 5032 ac
577 4977 719 5048 patricium
734 4976 918 5033 Romanorum
937 4978 997 5034 oleo
1019 4993 1069 5032 uu·
1118 4978 1216 5033 buerat
1236 4992 1285 5048 per
1304 4978 1402 5033 missos
1423 4989 1486 5032 suos
1507 4978 1585 5032 aunis
1603 4976 1720 5045 singulis
1740 4989 1797 5030 esse
1815 4979 1882 5024 trit*

278 5050 375 5106 ctionis
425 5046 671 5127 runritsecundum
683 5061 785 5101 morem
798 5047 1069 5117 maiorumunctioue
1119 5048 1286 5112 missurum,
1313 5054 1340 5102 et
1363 5061 1395 5101 ea
1416 5061 1476 5128 quac
1496 5054 1591 5102 sancto
1608 5044 1692 5104 Petro
1710 5043 1789 5101 relS
1839 5049 1882 5121 ¹titt

278 5135 365 5183 sacra,
405 5120 508 5188 liosque
526 5132 585 5186 equs
599 5117 667 5172 duos
678 5115 748 5172 ieliei
759 5120 929 5174 successione
942 5118 1068 5174 Carolum
1138 5132 1195 5187 apae
1213 5116 1292 5171 anuis
1309 5116 1642 5186 praeteritrspromiserat,
1663 5125 1763 5170 cuncta
1846 5113 1882 5161 ‹ll-

278 5189 518 5246 ctCarlomannum
525 5187 618 5243 eodem
625 5187 880 5244 coronarithonore.
889 5188 1070 5258 Pipinususro
1118 5132 1231 5258 Pipinus
1247 5194 1338 5241 anmm
1348 5186 1437 5241 uictor
1451 5187 1612 5242 ineolumem
1625 5186 1777 5241 exereitum
1787 5178 1884 5251 «ΜΝ

280 5275 328 5313 rer
344 5274 396 5313 nou
410 5266 517 5329 poterat
530 5272 563 5312 ea
581 5271 641 5326 quae
650 5256 772 5311 Romano
781 5258 889 5328 presuli
898 5258 1068 5330 promiserat,
1120 5257 1153 5312 ad
1171 5256 1279 5329 propria
1299 5255 1444 5322 remeavit,
1464 5256 1597 5314 thesauris
1614 5262 1643 5309 et
1662 5253 1800 5312 obsidibus
1812 5257 1884 5324 mmet

280 5328 333 5384 uisi
347 5336 401 5383 toto
418 5328 515 5384 affeetu
531 5342 592 5383 curn
604 5326 653 5381 Ilei
663 5326 764 5383 auxilio
775 5327 944 5398 adimpleret.
957 5326 1070 5398 Pipinus
1121 5327 1259 5390 adductis;
1288 5325 1435 5381 llaistullus
1450 5340 1513 5382 vero
1534 5341 1582 5381 rex
1604 5324 1670 5392 dum
1688 5323 1847 5379 venationem
1862 5327 1884 5367 tr

281 5398 372 5467 itaque
385 5397 466 5468 Alpes
483 5397 629 5461 transiens,
644 5397 746 5465 legatos
757 5412 821 5452 suos
834 5400 867 5453 ad
883 5397 1070 5467 llaistulpham
1121 5398 1237 5469 quadam
1250 5396 1316 5450 silva
1330 5405 1477 5460 exerceret,
1490 5394 1580 5450 divina
1593 5393 1698 5450 ultione
1711 5382 1884 5464 percussistii

281 5468 400 5530 mittens,
414 5467 558 5537 postulavit
569 5476 599 5521 ut
610 5475 731 5521 sanctam
745 5467 892 5522 Romanam
909 5465 1068 5531 Ecclesiam,
1121 5480 1191 5535 equo
1206 5467 1233 5520 in
1246 5480 1299 5534 que
1313 5465 1423 5521 sedebat
1446 5467 1474 5520 in
1498 5473 1569 5520 terra
1585 5464 1742 5535 projectus,
1764 5459 1836 5516 tertia
1852 5453 1885 5507 dt

280 5537 358 5603 cujus
374 5537 419 5590 ille
431 5537 557 5591 ‹leiensor
565 5551 615 5605 per
624 5535 822 5591 ordinationem
836 5536 956 5591 diuinam
972 5535 1069 5600 luerat,
1121 5535 1206 5589 vitam
1223 5535 1323 5590 amisit.
1348 5535 1413 5590 Post
1430 5537 1487 5592 bec
1500 5535 1654 5604 Stephanus
1671 5549 1742 5604 papa
1760 5530 1828 5585 obiit·
1849 5521 1884 5577 ffii

283 5622 337 5661 non
348 5605 487 5673 affligeret,
500 5607 547 5662 sed
559 5604 808 5672 omnemiustitiam
829 5607 957 5662 derebus
972 5607 1070 5663 ablatis
1123 5605 1290 5681 temporibus
1312 5604 1477 5675 lussipbibin
1500 5604 1673 5661 Abderameu
1700 5597 1835 5677 tyrannide
1852 5605 1884 5647 ts·
