4050 6192
211 375 263 433 {hh
649 374 679 429 Β.
698 374 821 432 clitoni
841 377 947 433 hiddi
965 378 1040 435 OPP.
1060 380 1149 438 PARS
1166 384 1187 438 Ι.
1207 383 1328 443 sectio
1346 387 1389 443 ld.
1784 403 1835 457 tet

204 501 280 552 nero,
306 497 335 545 et
354 488 382 544 ln
399 505 432 545 eo
457 489 528 559 quod
543 491 628 547 ildclls
654 502 743 546 resecr
757 501 901 563 nosterque
923 495 993 549 idem
1007 502 1033 561 Α
1045 495 1137 553 laudes
1150 498 1346 570 longanimitati
1360 505 1443 575 ipsius
1457 505 1573 564 humana
1587 508 1721 583 fragilitas
1734 518 1835 576 reterre

207 579 395 636 sanctissimus
415 589 496 648 aterne
517 581 706 636 dilectissimus
726 584 844 640 Marinus
856 588 996 656 presbyter
1045 592 1146 658 ualeat;
1167 595 1240 664 quod
1254 597 1362 666 quidem
1380 614 1443 663 nos,
1463 602 1612 672 tantocius
1628 606 1737 663 mlerati
1754 611 1835 668 lienc-

206 668 308 732 cuistit,
322 667 426 738 prelati
441 668 512 723 tituli
525 679 699 739 praeceptum,
713 688 774 726 cnm
788 675 911 730 ourrribus
930 674 996 730 locis
1045 679 1120 746 ticio,
1143 682 1205 738 licet
1224 687 1328 741 meritis
1348 702 1518 757 nequaquam
1538 690 1760 764 suifragantibus,
1785 717 1834 756 nos

205 764 235 812 et
246 757 460 826 possessionibus
475 757 525 813 sibi
544 761 750 828 perunentibus,
771 763 882 818 urbanis
895 764 937 818 vel
952 772 998 819 ru·⁴
1044 773 1102 843 ejus
1115 778 1242 843 potentiae
1256 779 1402 835 melodicas
1415 781 1599 850 persolvemus
1611 794 1716 853 grates;
1732 797 1832 859 maren,

206 845 290 909 sucis,
304 846 380 901 vohis
390 855 532 902 exsertum
543 857 712 917 atquemnnu
722 861 815 906 nostra
826 854 994 918 roboratum,
1041 863 1119 936 Juxta
1134 865 1335 939 psalmographi
1351 870 1450 925 monita
1467 889 1473 925 :
1490 871 1605 928 calicem
1619 876 1745 934 emmae,
1761 884 1833 935 (κη’.

205 949 254 1003 per
265 936 360 989 harum
379 936 492 990 lotorem
510 937 657 1025 direximus
671 939 819 996 eximietati
838 951 934 998 vestrm
948 943 996 999 de-
1043 957 1129 1028 ρῑαηι,
1149 966 1174 1012 er
1191 974 1285 1013 nomen
1300 958 1406 1014 nomiari
1423 961 1589 1018 incessanter
1604 966 1727 1023 inuocato
1744 969 1831 1040 (Prot,

205 1023 365 1092 portandum
378 1037 402 1077 ι.
421 1025 570 1081 liirerimus
584 1029 665 1083 etiam
680 1030 846 1087 excellentie.
859 1042 956 1089 restrae
968 1043 995 1089 et
1044 1045 1119 1118 cxv),
1137 1046 1261 1117 inquiens
1274 1066 1283 1102 z
1297 1048 1410 1119 llogeur
1421 1068 1459 1117 es,
1472 1050 1595 1119 domine,
1608 1064 1633 1109 et
1646 1072 1741 1127 magna
1755 1077 1834 1130 opero

205 1114 298 1178 libros,
316 1123 432 1182 quantos
454 1116 573 1185 reperire
589 1119 734 1187 potuimus,
747 1121 775 1176 id
790 1132 841 1187 est,
865 1121 994 1193 Antipho
1044 1146 1089 1192 tuo
1107 1137 1183 1209 (Tot,
1200 1139 1272 1210 1111),
1292 1140 1445 1211 Magnificus
1466 1160 1582 1213 namque
1598 1149 1689 1204 anim
1703 1168 1761 1206 mm
1778 1154 1836 1207 po„

205 1203 265 1258 nerle
279 1212 307 1259 et
327 1205 502 1273 Responsale,
527 1209 553 1261 in
576 1209 656 1263 siuml
679 1209 771 1265 Artem
790 1212 993 1280 gramnraticam
1043 1226 1680 1304 minuciam,1i);caroetlinguabencdjcir‚
1704 1243 1832 1310 quoniam

203 1294 272 1367 [Ρη
290 1296 470 1370 dialecticam]
494 1298 667 1365 Atislssleliii
685 1302 807 1373 Diontssl't
828 1302 995 1374 Atlwadlffl
1044 1317 1190 1386 respiciens
1202 1319 1319 1387 respexit
1331 1334 1413 1389 super
1423 1320 1603 1379 humilitatem
1615 1336 1744 1392 nostram,
1758 1341 1786 1388 et
1796 1334 1837 1388 ad

203 1384 298 1450 libros,
308 1386 516 1452 Geornetricam,
527 1389 763 1460 Orthogmpbiam,
774 1390 992 1458 Grammatieam,
1043 1412 1098 1459 ram
1113 1406 1277 1478 precipuum
1292 1409 1445 1477 pontificale
1457 1412 1578 1479 eulmen,
1592 1430 1647 1471 non
1659 1421 1758 1475 nosris
1769 1438 1833 1491 pro-

129 1494 132 1499 <
202 1492 296 1533 ornnes
310 1478 405 1533 Greeo
419 1479 526 1548 eloquio
539 1481 695 1551 scriptores,
717 1497 833 1538 necnon
848 1483 994 1541 ethorolo·
1043 1494 1217 1562 sequentihus
1239 1496 1831 1577 meritis,protexit;150quamobrem

203 1565 276 1634 giuru
290 1574 451 1623 oecurrnmn
466 1568 491 1622 ¹³.

561 1660 630 1715 Xllil

269 1744 348 1817 149
365 1746 449 1802 lTEil
467 1749 633 1806 epistota
652 1751 806 1809 elusone
825 1754 925 1809 PdPAE

385 1856 419 1894 th
438 1857 546 1896 bombum
565 1860 686 1899 rtrrtevtt
707 1860 808 1910 necem,

203 1921 252 1959 PEll
275 1922 409 1963 neomutus
431 1927 589 1977 Errscorctt,
610 1930 766 1969 srerttth't'tt
787 1933 990 1983 rnesutrmetttt,

346 1994 392 2033 SEU
413 1996 588 2048 haereditent,
609 2000 697 2040 tttssos
717 2001 845 2051 brimelli,

199 2062 234 2127 ¹Irr
248 2086 299 2139 prta
315 2070 480 2125 eorriiucnirrr
493 2075 639 2142 pretiorum
653 2076 767 2129 aerioma
781 2093 829 2146 pro
842 2077 993 2146 deferreiooe

234 2147 333 2192 rcnetrc
346 2139 395 2193 bet
413 2141 547 2208 desierim,
562 2153 586 2198 et
603 2145 728 2214 prelatos
746 2161 814 2216 popo
831 2163 948 2215 poscens,
964 2158 993 2203 ut

236 2209 357 2264 dominor
372 2228 417 2265 rer
429 2210 554 2282 Pippirrur
569 2214 703 2268 desiderio
719 2216 773 2285 regi
788 2227 799 2255 ο
813 2231 861 2268 arro
873 2215 990 2288 iheum„

235 2278 309 2361 auor]
330 2280 430 2334 obsides
451 2282 610 2348 restitueret,
631 2294 655 2339 ct
675 2285 747 2353 poma
767 2284 864 2354 {edera
884 2304 943 2341 eunt
961 2305 991 2342 eo

237 2351 403 2419 confirmaret
416 2349 441 2403 d.

255 2439 323 2512 (Aa.
340 2439 418 2494 Doni.
435 2439 501 2506 758,
517 2439 582 2497 Cod.
605 2440 667 2497 Cer.
683 2458 758 2510 xxix,
774 2445 864 2500 chron.
882 2444 937 2517 li.)

200 2538 399 2586 Auruncorum.
410 2563 447 2572 —
458 2531 509 2587 Per
523 2549 586 2588 suos
600 2535 697 2589 missos
711 2534 856 2608 Georgium
868 2538 951 2607 episc.
964 2547 991 2594 et

236 2600 402 2671 Stephanum
424 2603 525 2671 presb,
548 2619 608 2658 eum
632 2604 768 2660 ltodhcrto
791 2609 864 2677 regio
884 2617 993 2674 erentes,

235 2672 341 2726 nuntiat
363 2672 530 2728 Desiderium
540 2674 645 2729 venisse
655 2675 778 2740 Romam,
790 2688 870 2746 atqrrc
881 2679 990 2733 imolam

234 2758 265 2797 se
276 2742 462 2799 restituturum
474 2745 639 2812 promisisse,
652 2745 731 2800 modo
741 2762 804 2801 suos
813 2747 932 2811 obsides,
944 2750 990 2817 qui

234 2813 304 2880 opud
317 2828 408 2882 regem
421 2823 508 2876 ermrt,
525 2815 579 2867 reci
600 2822 666 2868 eret.
683 2814 769 2885 Rogat
783 2824 812 2871 ut
826 2832 873 2873 eos
886 2820 990 2884 residat,

235 2880 376 2950 seriusque
392 2881 488 2952 iungat
504 2898 565 2936 cunr
581 2829 818 2951 [urigohardorum
836 2904 912 2958 rege,
930 2887 991 2943 liat-

235 2966 288 3055 que
304 2960 398 3005 auctor
412 2952 525 3021 publice
540 2953 751 3023 tranquillitatis.
770 2954 875 3027 Scripta
892 2973 926 3013 en
939 2959 992 3015 lle·

234 3021 327 3079 sinerii
341 3030 415 3077 roto.

1043 1584 1121 1651 dum,
1136 1600 1169 1642 eo
1185 1586 1321 1656 dignante,
1336 1590 1467 1647 mediator
1479 1592 1528 1648 Dei
1542 1602 1570 1648 et
1584 1595 1723 1652 homiuum
1738 1615 1830 1668 specu-

1043 1673 1114 1730 lator
1124 1676 1274 1732 animorum
1288 1678 1426 1736 institutus
1437 1697 1507 1748 sum,
1519 1686 1662 1743 commissa
1675 1689 1715 1744 sic
1724 1699 1833 1758 aposto·

1043 1766 1108 1825 laris
1121 1785 1186 1824 cura
1200 1780 1334 1840 prosecat
1352 1783 1435 1844 atque
1449 1775 1574 1833 hortatur
1587 1780 1698 1845 omnino
1713 1789 1742 1834 et
1757 1782 1833 1837 inde⁴

1007 1832 1163 1915 Bsiocutcr
1187 1862 1322 1931 compellit
1348 1863 1462 1919 salutem
1485 1867 1574 1935 porruli
1601 1868 1647 1923 Dei
1672 1871 1718 1939 pio
1742 1873 1832 1927 studio

1043 1965 1196 2018 procurare,
1213 1962 1239 2007 et
1253 1968 1347 2022 pacem
1362 1955 1389 2009 in
1404 1957 1507 2011 cunctis
1521 1958 1645 2027 gentibus
1659 1976 1720 2015 enm
1734 1978 1842 2033 magna·

1042 2046 1131 2099 cordis
1144 2046 1294 2101 constantio
1307 2047 1463 2115 predicare,
1477 2050 1603 2118 quoniam
1615 2051 1736 2121 prolecto
1747 2055 1833 2109 beoti-

1042 2136 1143 2191 tndiuis
1165 2138 1279 2206 gratiam
1305 2146 1504 2207 promerentur,
1529 2140 1575 2210 qni
1601 2141 1734 2212 intrepide
1758 2144 1835 2199 illam

1041 2228 1188 2298 praedicare
1212 2229 1370 2295 malueriut;
1398 2232 1526 2300 seriptum
1551 2233 1649 2302 quippe
1672 2243 1737 2289 est:
1757 2235 1834 2289 Beati

1040 2317 1159 2387 pacifici,
1176 2319 1301 2387 quonium
1314 2318 1363 2387 ttsi'r·
1381 2319 1429 2373 Der·
1442 2321 1603 2375 emendentur
1621 2321 1728 2393 (durio.
1741 2324 1779 2392 u).
1797 2325 1832 2378 Et

1041 2423 1149 2463 rursum
1164 2425 1171 2461 :
1188 2407 1274 2475 Quom
1288 2411 1397 2479 speciosi
1411 2410 1488 2480 pedes
1500 2410 1730 2481 compeliaorrtirrm
1747 2413 1832 2467 bono!

1042 2493 1131 2571 (dnm.
1153 2500 1193 2572 x.)
1213 2500 1329 2565 Etenim,
1352 2500 1576 2559 excellentissime
1599 2502 1637 2557 dli
1654 2512 1682 2558 et
1703 2505 1831 2573 spiritalis

1040 2598 1188 2660 compater,
1201 2590 1327 2659 quoniam
1339 2590 1410 2645 Deus
1420 2592 1590 2660 omnipotens
1600 2606 1634 2646 ex
1647 2599 1725 2648 utero
1737 2595 1832 2648 matris

1040 2695 1096 2735 sue
1110 2677 1210 2751 [Gent.,
1226 2678 1290 2751 tuse]
1309 2687 1335 2733 te
1355 2679 1573 2747 praedestinatum
1593 2679 1703 2745 hahens,
1724 2682 1784 2737 ideo
1805 2694 1832 2738 te

1040 2768 1201 2825 benedicens
1219 2777 1246 2823 et
1267 2770 1294 2823 in
1315 2784 1406 2839 regem
1428 2785 1548 2840 ungens,
1566 2769 1734 2827 deleusorern
1756 2782 1782 2826 te
1803 2784 1833 2829 ct

1040 2858 1213 2915 liberatorem
1226 2868 1326 2915 sanctu
1338 2876 1393 2917 srrae
1407 2860 1534 2917 morsm
1544 2864 1694 2918 constituit.
1710 2863 1763 2919 Pro
1777 2880 1833 2933 quo

1039 2968 1072 3008 ea
1093 2968 1154 3022 cure
1177 2952 1211 3008 ad
1234 2951 1378 3008 utilitatem
1401 2953 1485 3022 ipsius
1507 2963 1607 3010 sanctae
1632 2954 1680 3010 Dei
1703 2955 1832 3011 Ecclesiae

1040 3042 1201 3113 respiciunt,
1225 3057 1276 3114 per
1295 3043 1344 3099 hos
1364 3051 1472 3099 nostros
1492 3044 1655 3113 apostolicos
1675 3046 1765 3115 apices
1784 3048 1833 3101 he·

212 3164 216 3174 .
235 3132 338 3188 Donum
349 3133 573 3191 excellentissimo
585 3133 639 3190 lilio
650 3144 677 3191 et
688 3144 782 3191 nostro
794 3136 905 3207 spirimli
917 3156 1026 3234 corn-c
1041 3137 1130 3207 nigore
1148 3135 1316 3193 excellentie
1334 3144 1387 3193 tuor
1406 3139 1603 3208 deprecandum
1625 3141 1830 3196 erraturarimus.

198 3223 269 3292 patri
289 3223 401 3293 Pippiuo
421 3223 476 3295 regi
499 3224 664 3281 henricorum
682 3234 710 3282 et
725 3223 837 3296 patricio
855 3228 990 3286 Romano·
1040 3225 1175 3297 Agnoscat
1190 3227 1322 3296 siquidem
1337 3227 1561 3283 excellentissima
1576 3229 1682 3285 bouitas
1697 3237 1752 3293 tua,
1767 3232 1833 3299 quio

200 3331 275 3380 runi,
294 3315 393 3371 Paulus
409 3332 486 3387 papa.

215 3463 217 3467 ,
236 3406 302 3461 bani
318 3415 372 3461 tum
385 3407 520 3476 copiosam
534 3409 704 3479 omnipotens
717 3408 787 3467 Deris
801 3427 857 3467 suaa
868 3412 990 3484 benigni·

199 3495 262 3550 tatis
282 3497 400 3550 humano
417 3496 509 3566 genteri
530 3498 628 3553 crebro
644 3499 745 3570 lrmgot
766 3500 987 3567 misericordiam,

198 3582 275 3639 vrrlde
287 3584 528 3640 administrandum
539 3584 655 3658 [domi.,
666 3587 863 3663 admirandum]
873 3598 915 3645 est
924 3591 989 3661 quid

198 3674 312 3730 retribui
331 3673 390 3744 ejus
411 3676 537 3745 potentiae
559 3677 664 3745 diriore,
687 3687 733 3735 aut
752 3695 819 3750 quas
838 3682 989 3738 carminum

233 3820 246 3848 ⁰
262 3809 320 3867 Duo
338 3809 382 3864 hic
406 3820 552 3879 suppetunt
575 3811 689 3881 alicujus
709 3813 848 3869 momenti.
867 3812 988 3871 Primum

197 3877 298 3933 creatio
309 3879 452 3935 cardinalis
465 3881 499 3935 ad
514 3882 613 3952 regium
629 3882 784 3952 petitionem
796 3901 803 3949 ;
819 3885 933 3939 alterum
947 3885 988 3939 in-

198 3949 274 4003 doles
282 3950 381 4004 rcrsuti
398 3958 425 4004 et
434 3951 569 4007 ambitiosi
582 3953 708 4017 hominis,
723 3954 892 4023 postmodnm
904 3954 987 4009 etiam

197 4020 314 4081 scelesti,
339 4020 526 4093 qui—pontifice
538 4031 566 4077 ct
580 4036 644 4092 rege
657 4023 721 4078 dece
741 4022 776 4078 tis
789 4023 987 4081 cardinalitiam

197 4089 355 4144 uiuidiorem
369 4090 519 4145 simulando
532 4093 698 4162 adipiscitur.
714 4038 798 4148 erun.

226 4132 246 4199 5³
264 4158 293 4212 lu
303 4160 439 4228 epitaphio
454 4161 634 4217 archidiaconi
648 4162 720 4216 illins
732 4161 894 4218 Veronensis
910 4162 988 4219 Paei-

197 4228 248 4291 uei,
266 4229 315 4283 riri
331 4229 499 4284 celeberrimi
520 4230 580 4301 (cui
597 4230 735 4284 archivum
759 4230 906 4299 capitulare
919 4249 985 4289 mss.

196 4300 302 4354 cortices
325 4300 528 4367 antiquissimos
542 4314 606 4356 accc
627 4309 668 4355 tos
692 4299 789 4367 relect)
808 4301 878 4370 opud
890 4302 988 4357 Panti-

196 4368 281 4432 ninm,
295 4384 328 4423 ex
347 4384 400 4438 utro
419 4369 483 4422 illud
494 4367 596 4438 prolert
607 4315 740 4493 iighellus
754 4368 829 4438 (lteri.
844 4369 906 4426 Sor.
919 4381 984 4428 tom.

197 4437 229 4501 V,
245 4452 272 4506 p.
290 4438 352 4508 llil)
370 4440 428 4493 boec
442 4439 587 4508 legnntur:
608 4457 617 4489 r
649 4438 809 4509 ierologium
825 4449 986 4497 nocturnum

1039 3316 1204 3389 conjungens
1221 3316 1402 3390 [perveniens]
1421 3318 1455 3372 ad
1472 3317 1565 3373 limina
1583 3319 1765 3387 apostolomm
1784 3334 1832 3373 es-

1039 3410 1247 3466 celleutissinms
1261 3409 1332 3465 lilius
1346 3417 1438 3463 noster
1452 3407 1607 3464 Desiderius
1620 3425 1666 3463 rex
1682 3420 1705 3472 0,
1718 3409 1833 3477 pacitiec

1038 3508 1121 3569 atque
1142 3515 1204 3555 cum
1224 3514 1323 3569 inagna
1346 3496 1511 3562 humilitate;
1538 3511 1600 3551 cum
1624 3511 1678 3565 quo
1701 3495 1832 3551 salutaria

1038 3598 1214 3659 utrorumque
1231 3588 1347 3658 partium
1365 3586 1448 3647 locuti
1469 3602 1571 3652 sumus,
1590 3595 1618 3641 et
1635 3586 1770 3655 pollicitus
1787 3596 1834 3641 est

1038 3679 1117 3737 nohis
1130 3680 1272 3735 restituere
1286 3677 1421 3734 ciuitatem
1435 3676 1561 3732 lmmolas
1575 3675 1691 3749 [Lcmi.,
1707 3676 1832 3749 lutumst,

1038 3810 1150 3874 donam,
1163 3814 1193 3861 nt
1208 3806 1345 3862 Romanor
1364 3814 1460 3860 cantus
1482 3805 1509 3859 in
1528 3804 1642 3860 Francia
1655 3804 1830 3875 peruulgare·

1038 3888 1092 3944 tur,
1105 3893 1198 3933 eornm
1211 3877 1317 3945 inopem
1331 3875 1495 3931 reddiderint
1510 3875 1635 3937 ltomam,
1648 3889 1702 3944 qno
1714 3889 1830 3943 praser-

1038 3949 1085 4004 tim
1098 3957 1218 4016 tempore
1238 3947 1293 4001 rari
1308 3945 1451 4001 admodum
1470 3952 1558 4000 erant.
1580 3944 1718 3999 Notandus
1737 3952 1830 3999 antmn

1036 4032 1224 4142 praeplroperus
1241 4014 1431 4088 Antiphonarii
1454 4014 1570 4070 llomani
1599 4027 1665 4069 usus
1692 4013 1720 4068 iu
1744 4013 1829 4069 Frau-

1038 4103 1090 4198 αἶ’
1104 4104 1166 4223 ils,
1178 4172 1232 4213 uuo
1242 4157 1333 4218 verbo,
1346 4155 1481 4225 scorpiter,
1493 4153 1607 4225 l'engn,
1619 4153 1739 4208 correxit
1746 4162 1777 4208 ut
1785 4161 1828 4207 cst

1037 4227 1207 4285 ineditione.
1221 4226 1309 4282 erra.
1594 4236 1597 4243 ’

1071 4297 1083 4338 l
1104 4298 1208 4354 Summ.
1223 4298 1266 4361 ld,
1282 4296 1353 4367 apud
1366 4294 1509 4350 Baroniom
1521 4301 1550 4351 et
1561 4293 1709 4350 Centuriat.
1723 4293 1827 4349 Gners.

1036 4398 1072 4409 ·-
1089 4367 1201 4440 Argum.
1215 4366 1298 4421 Panv.
1313 4363 1389 4437 (Cori.
1406 4362 1465 4418 Vnt.
1478 4364 1522 4435 ts)
1540 4383 1546 4418 :
1564 4382 1573 4415 r
1589 4364 1621 4444 in
1631 4364 1734 4418 decima
1748 4363 1827 4446 tertia

1037 4437 1141 4509 [Tertia
1153 4435 1267 4507 decima]
1279 4434 1379 4507 gratias
1392 4434 1448 4504 agit
1458 4449 1508 4505 pro
1520 4432 1674 4489 deiensronc
1688 4432 1825 4494 Ecclesia,

195 4508 286 4562 nultus
297 4517 361 4562 ante
371 4509 484 4574 uiderat,
499 4525 533 4564 cn
548 4508 650 4563 irruenit
670 4519 874 4577 argumentum,
889 4520 917 4567 ct
928 4513 985 4582 pri·
998 4523 1023 4584 ῃ
1035 4516 1063 4563 et
1077 4509 1111 4563 de
1123 4523 1190 4579 pace
1204 4505 1342 4578 [Ecclesiae
1355 4504 1388 4559 de
1402 4503 1479 4585 pace]
1493 4504 1564 4580 inter
1575 4519 1605 4557 se
1617 4511 1646 4557 et
1660 4501 1826 4584 Desiderinm

195 4593 269 4631 mum
283 4577 451 4642 fundaverat,
462 4585 515 4634 etc.
532 4598 540 4631 r
557 4578 645 4645 Quare
656 4579 679 4634 is
690 4577 820 4648 horologii
832 4579 984 4649 hujusmodi
1034 4578 1180 4634 constituta
1194 4586 1286 4631 narrat
1298 4589 1306 4628 z
1320 4590 1353 4630 ac
1364 4582 1431 4644 petit
1443 4571 1582 4645 [postulat]
1596 4580 1625 4627 ut
1635 4573 1743 4627 obsides
1755 4572 1827 4626 [iesi-

196 4655 291 4702 auctor
301 4662 361 4702 esse
375 4647 482 4703 dicitnr.
505 4648 554 4704 llic
571 4650 701 4704 hahemus
714 4648 770 4703 anti
792 4649 852 4704 rrius
864 4652 985 4706 testimo-

197 4717 270 4771 uium
295 4724 357 4771 ante
370 4733 455 4773 anuos
476 4718 533 4773 lere
553 4719 756 4789 qrrinqnaginta.
804 4720 880 4774 adero
902 4719 985 4776 relort

196 4787 348 4857 bocangms
363 4789 389 4841 in
400 4787 568 4853 Glossar.,et
586 4797 662 4859 putot
675 4795 836 4844 nocturnum
849 4789 931 4846 luisse
945 4787 985 4845 'ad

1034 4647 1109 4702 derio
1129 4646 1267 4711 restituat,
1287 4659 1341 4714 quo
1357 4652 1385 4699 et
1401 4644 1458 4714 ipse
1475 4644 1570 4699 urbem
1586 4641 1696 4698 imolam
1714 4640 1829 4712 [Forum

1034 4716 1162 4788 Cornelii]
1175 4716 1261 4787 possit
1274 4714 1405 4784 recipere.
1423 4732 1432 4765 r
1447 4712 1530 4768 Cras.

1070 4798 1083 4827 ⁶
1101 4788 1185 4842 Recte
1196 4784 1357 4841 iluratorins
1367 4781 1447 4850 (ilari.
1460 4780 1536 4852 Ital.)
1549 4782 1620 4837 hane
1629 4789 1656 4835 et
1667 4790 1825 4853 sequentem

194 4855 338 4912 discrimen
359 4858 471 4924 solaris,
493 4860 565 4929 quod
576 4860 655 4915 hodie
668 4858 793 4928 lrequcns
806 4858 922 4913 terreum
937 4869 985 4916 aut
1033 4857 1173 4927 epistolam
1190 4856 1224 4910 ad
1240 4869 1340 4909 annum
1356 4853 1408 4908 758
1423 4852 1515 4917 reiert,
1526 4858 1621 4907 contra
1632 4849 1707 4920 Pagii
1721 4848 1826 4918 opinio-

194 4943 294 4982 reieum
308 4929 494 4998 caurpurrulam
507 4929 624 4998 pulsans,
648 4928 725 4998 cujus
737 4930 859 4983 inirentor
872 4928 984 5000 Polydo-

1033 4943 1110 4993 nem,
1125 4926 1171 4996 qui
1183 4923 1344 4996 praecedenti
1357 4923 1471 4991 scriptos
1487 4928 1618 4977 autumat.
1634 4919 1701 4973 b'am
1716 4918 1826 4974 Deside-

194 5014 255 5053 rum
264 4998 405 5068 Virgilium
416 5007 444 5053 et
459 5007 570 5054 caeteros
580 4999 668 5054 latuit.
683 4998 779 5064 Quidni
790 4999 879 5067 potius
890 5014 983 5054 murm
1032 4999 1090 5052 rius
1112 5012 1165 5051 non
1186 4995 1260 5049 venit
1280 4994 1394 5048 Rolnam
1415 5001 1557 5060 antequam
1579 4989 1669 5044 omnia
1689 4988 1826 5058 peregerit

194 5068 291 5133 simile,
316 5084 376 5138 qne
388 5083 438 5139 ope
459 5069 568 5125 luminis
587 5068 683 5125 inclusi
704 5069 786 5123 horas
798 5068 984 5123 demonstrant

1033 5082 1093 5137 qurc
1114 5066 1286 5122 eontinentur
1359 5062 1432 5117 nenti
1457 5059 1580 5130 epistola.
1605 5058 1643 5113 Ea
1666 5060 1822 5120 occasione,

193 5139 221 5195 in
234 5140 363 5209 sphaera?
384 5139 502 5194 Annales
512 5139 680 5195 Francorum
692 5147 720 5193 et
728 5136 875 5192 luidenses
887 5139 983 5209 organi
1032 5137 1098 5207 quin
1116 5136 1253 5207 flagitante
1269 5133 1327 5203 ipso
1368 5130 1492 5213 esiderio,
1513 5132 1582 5185 hauc
1600 5128 1708 5209 scripsit
1725 5127 1826 5210 {aolus

194 5209 473 5280 aCopronymodono
485 5209 559 5265 missi
574 5209 771 5271 meminerunt;
789 5214 818 5261 at
829 5208 862 5262 de
876 5209 984 5264 horolo-
1032 5223 1065 5262 ex
1101 5205 1143 5261 'us
1160 5212 1223 5261 roto
1243 5221 1250 5257 ε
1270 5202 1421 5259 clanculum
1441 5200 1512 5255 iliam
1531 5198 1713 5282 deterentibus
1729 5198 1824 5278 usdern

212 5281 238 5335 io
250 5280 316 5335 nihil
335 5294 448 5349 usquam
463 5280 605 5348 reperitur.
632 5277 672 5332 hd
693 5278 777 5331 libros
792 5276 863 5345 quod
875 5279 980 5342 attinet,
1032 5277 1131 5339 missas,
1145 5290 1204 5345 quae
1217 5273 1280 5328 huic
1290 5272 1369 5354 lidem
1379 5284 1486 5326 ornnem
1500 5268 1646 5351 adimebat,
1659 5267 1826 5336 mqurdqmd

192 5297 310 5405 {molan
330 5350 358 5405 in
372 5349 485 5422 prologo
499 5350 547 5404 lib.
569 5350 602 5405 de
615 5347 715 5403 Ordine
733 5346 922 5416 Antiphonarii
944 5348 983 5403 ait
1032 5354 1122 5403 aetum
1145 5361 1160 5399 a
1181 5342 1366 5414 Langobardrs
1386 5340 1475 5395 lucrat
1493 5338 1648 5408 singillatim
1669 5337 1823 5393 enarrabat.

193 5419 307 5491 Gregor.
322 5420 356 5477 tt
369 5421 478 5476 unicum
497 5418 674 5490 lintipbouar.
694 5416 820 5482 doluisse,
838 5418 909 5486 quod
921 5419 983 5472 mit-

194 5499 262 5547 teret
276 5490 378 5546 Ludov.
394 5491 460 5561 imp.
480 5489 666 5558 illudpetenti,
684 5501 764 5556 qnam
789 5502 845 5540 rem
862 5487 983 5547 animad-

172 5592 175 5601 .
194 5559 352 5616 certitVeu.
370 5560 529 5616 Thomasius
540 5560 640 5629 opusc.
657 5573 706 5613 rrrr
719 5558 805 5629 (ruore
822 5557 889 5611 edit.
913 5566 981 5638 tom.

196 5630 249 5693 llll,
264 5643 325 5700 pag.
340 5629 374 5683 dt
389 5638 471 5699 sem).
492 5630 619 5684 Fortasse
641 5629 667 5684 id
678 5626 798 5683 evenerit
818 5628 890 5695 quod
912 5628 981 5682 inei·

194 5698 382 5769 ponebamus
403 5701 510 5755 mittere
530 5698 682 5766 hirjirsmodi
705 5696 789 5753 libros
804 5696 927 5777 pippino,
950 5712 982 5752 ac

231 5770 279 5826 ¹¹to
290 5767 428 5826 liberalior
439 5769 574 5826 nonaum
586 5786 638 5824 nou
651 5766 733 5823 sernel
747 5766 871 5822 Carnium
886 5768 981 5823 rrsdem

1032 5416 1091 5472 Prae
1108 5415 1169 5470 aliis
1188 5413 1384 5482 liutprandum
1402 5411 1496 5465 durem
1514 5408 1668 5463 &nocente
1684 5405 1824 5474 expulsum

1032 5487 1086 5551 ait;
1113 5500 1194 5555 quarn
1217 5498 1274 5538 rem
1297 5479 1427 5537 Gaurillus
1449 5478 1610 5548 Peregrinus
1633 5476 1755 5532 evenisse
1777 5476 1825 5530 de

1032 5562 1239 5613 monstratrum.
1252 5551 1313 5607 758.
1328 5550 1438 5673 ἓῦὴνοη.
1451 5548 1547 5602 decom
1560 5547 1655 5603 cenea.
1668 5562 1701 5601 ex
1714 5544 1824 5624 Colleet.

1032 5625 1150 5689 Pratilli,
1165 5632 1231 5679 tom.
1246 5623 1277 5682 V,
1290 5637 1318 5691 p.
1343 5620 1394 5685 'ii);
1414 5619 1508 5673 deiude
1527 5624 1635 5686 terripus
1648 5615 1734 5683 ipsum
1752 5614 1826 5667 desl-

1032 5704 1106 5767 guat,
1120 5695 1196 5749 aiens
1207 5693 1277 5762 ntrod
1291 5692 1343 5747 dux
1359 5690 1402 5745 illc
1416 5687 1539 5757 peruenit
1553 5707 1563 5739 i
1579 5689 1688 5743 delinite
1700 5684 1733 5739 od
1751 5697 1826 5738 tiren-

1033 5781 1089 5821 scm
1101 5764 1160 5835 rjus
1172 5762 1235 5819 anni
1248 5760 1435 5818 l'cbruorinnr.
1452 5780 1461 5811 r
1478 5755 1517 5814 lo.
