4050 6192
249 281 317 377 cca
690 311 721 373 ι.
735 315 860 373 ιιιιιι
879 310 986 370 uacat
1004 309 1080 371 om.
1101 307 1191 370 cacis
1210 309 1241 368 ιι.
1260 308 1383 370 secuto
1400 309 1433 367 u.
1807 314 1873 371 rsa

246 429 458 487 euctsortandant
470 429 608 485 catholice
622 427 684 482 icdei
697 427 848 491 t'eritatem,
863 439 970 494 semper
981 425 1033 479 boc
1048 431 1070 488 Α
1085 423 1208 481 devincta
1222 433 1294 488 sunt,
1310 424 1375 479 iilud
1388 424 1486 481 diaboii
1500 425 1583 480 telum
1597 427 1633 483 ab
1644 428 1738 484 eadem
1751 429 1876 488 Ecclesia

248 500 406 557 uniuersalis
421 499 556 563 Ecclesia,
574 505 706 570 praesente
719 498 753 552 ob
768 495 848 566 hujus
861 495 1033 550 sanctitatem
1084 494 1240 566 dissipetur,
1255 501 1285 548 ιι
1300 509 1353 564 pax
1369 494 1430 559 liei,
1447 511 1509 565 quae
1525 505 1671 566 exsuperat
1684 513 1793 554 omnent
1812 517 1874 557 scn-

247 573 318 627 seclis
334 571 469 640 pontifice,
485 579 531 624 aut
545 578 618 625 certe
633 583 694 622 eum
713 581 846 621 consensu
860 564 931 619 iilius
944 564 1034 620 cericis
1083 579 1153 628 sum,
1168 565 1195 617 ‘n
1208 565 1302 618 cadem
1314 565 1393 619 beata
1406 565 1483 635 plebe
1494 566 1613 637 pleniter
1625 569 1793 625 restituatur.

247 641 290 696 rel
305 641 402 698 litteris
414 649 538 709 porrecto
549 640 696 706 corrigere,
707 644 914 706 porrectumque
925 634 959 688 ad
972 650 1035 689 con·
1123 633 1307 690 vociferantur
1318 635 1390 689 enim
1403 636 1432 690 in
1445 636 1544 690 caium
1557 652 1611 691 cino
1623 652 1671 691 ore
1684 648 1779 695 etune
1792 641 1875 696 corde

246 712 409 768 serrandum
422 717 540 764 statuere
551 707 699 765 coccsuecit.
1083 703 1275 774 omnipotentis
1296 703 1344 758 bet
1363 703 1496 774 indicium
1520 706 1714 763 inevitabiliter
1733 711 1813 766 nohis
1831 711 1875 765 ιι·

283 780 370 835 Sicuiii
384 779 463 834 modo
475 780 555 833 ctiam
566 786 593 833 et
605 778 632 831 in
644 777 695 838 bis,
707 791 767 845 quse
776 775 811 829 ad
821 774 1034 830 conservandum
1083 775 1221 838 cumbere,
1236 773 1259 828 si
1273 775 1433 829 auctoritate
1447 790 1614 831 summorum
1628 778 1655 831 in
1670 787 1727 834 toto
1740 780 1808 836 orbe
1823 790 1876 835 ιιι

248 852 276 906 ιι
294 851 418 905 humenis
435 851 540 905 actibus
554 846 674 915 ejusdem
694 845 821 900 Ecclesiae
840 843 1036 899 incontamiua·
1084 857 1175 897 rarum
1200 844 1382 913 apostolorum
1409 860 1524 914 quorum
1549 846 1681 904 doctrinis
1705 856 1733 903 ct
1758 850 1876 906 masilia

246 921 329 975 lciiem
344 927 461 984 statum,
482 919 652 980 modernum,
675 931 727 970 non
743 915 863 985 qualibet
881 914 973 969 dolosa
992 913 1035 969 rel
1084 913 1226 969 universus
1243 912 1361 968 iieciitur
1374 915 1507 980 mundus,
1526 915 1691 973 discordiam
1703 928 1822 974 cestram
1840 921 1874 976 ad

246 990 409 1059 sophistica,
422 1005 473 1043 cccc
485 1004 539 1044 uon
553 987 652 1057 duplici
667 985 830 1048 calliditate,
853 983 900 1039 sed
920 984 1036 1038 veritate
1084 998 1176 1038 verant
1192 984 1363 1039 concordiam
1386 999 1439 1038 ιιοι
1459 993 1597 1040 ιιιιιιιιι
1612 986 1751 1044 relucere.
1777 989 1876 1044 bienni

248 1059 378 1122 subtrita,
400 1059 514 1128 simplici
528 1059 647 1119 ratione,
662 1055 774 1124 ipsaque
788 1054 965 1116 discretione,
986 1054 1036 1108 bo·
1083 1052 1177 1116 etiam,
1188 1053 1252 1123 quid
1264 1052 1352 1108 acturi
1362 1062 1441 1108 crant
1452 1055 1485 1108 de
1498 1063 1554 1110 tam
1565 1055 1702 1126 precipuo
1712 1073 1805 1113 corant
1819 1059 1876 1114 beo

247 1138 362 1192 aestate,
373 1128 498 1192 utilitate,
508 1128 611 1198 pariter
620 1125 751 1180 inradiata
761 1124 874 1189 ratione,
886 1139 939 1178 non
948 1123 1035 1178 solunt
1084 1122 1184 1177 amisso
1199 1123 1304 1186 solatio,
1319 1123 1342 1176 si
1355 1122 1426 1185 ilios,
1440 1138 1509 1193 quos
1574 1125 1791 1196 thujussaaetcc
1802 1129 1877 1184 sedis

248 1199 327 1253 notia
342 1196 383 1252 rel
395 1199 507 1261 crocina,
522 1213 614 1252 terum
628 1201 775 1266 quoquest
789 1193 1036 1263 ipsasuperiluaet
1084 1192 1278 1250 immutabilem
1294 1191 1451 1258 tuitionem,
1466 1193 1495 1247 ili
1548 1195 1575 1249 in
1591 1202 1647 1249 tam
1660 1197 1794 1266 praecipue
1809 1199 1877 1252 elca-

247 1284 301 1323 ιιι
317 1268 468 1322 necessaria
491 1281 614 1322 resecare
631 1264 786 1328 cousuevit,
805 1270 832 1317 et
852 1277 900 1328 ca,
920 1272 950 1318 ut
965 1277 1036 1331 prae·
1085 1261 1201 1317 rissimis
1214 1262 1341 1317 iratribus
1353 1262 1478 1317 solatium
1492 1264 1668 1334 perdiderint,
1685 1268 1731 1350 qui
1746 1268 1836 1322 simile
1849 1271 1877 1322 iu

248 1338 348 1392 dictum
358 1346 409 1401 est,
417 1353 478 1407 quae
486 1337 520 1391 ιι
531 1336 644 1392 salutem
656 1336 738 1389 totius
749 1333 875 1388 Ecclesia
886 1334 1033 1403 pertinere,
1085 1332 1210 1386 universa
1228 1332 1348 1388 Ecclesia
1367 1332 1469 1386 nullum
1488 1334 1646 1389 babehnuti
1671 1335 1700 1391 Sc
1719 1337 1791 1391 cuim
1810 1353 1875 1393 mum

247 1416 274 1461 et
295 1408 405 1476 iusuper
423 1408 519 1462 merito
537 1420 633 1462 carere
645 1420 698 1459 non
714 1404 861 1468 debuisset,
877 1403 1036 1459 disserendo
1085 1400 1139 1456 lliis
1155 1416 1248 1456 reram
1265 1401 1365 1467 iidem,
1390 1403 1578 1484 integrumque
1592 1404 1733 1460 charitatis
1747 1408 1873 1461 ardorem

248 1483 275 1531 ct
287 1477 437 1533 ordinando
449 1477 555 1531 sancire
569 1475 648 1531 solita
659 1473 719 1528 luit.
736 1473 769 1527 Et
783 1474 834 1527 hoc
849 1488 901 1526 uon
917 1479 1037 1526 tautum·
1086 1485 1139 1525 non
1158 1472 1340 1535 servaverint,
1364 1472 1429 1542 qmd
1449 1487 1477 1526 ru
1491 1471 1717 1542 iudicio-bomini
1735 1483 1810 1530 ιιιιι
1829 1493 1878 1531 ue·

248 1545 328 1600 inodo
341 1546 375 1601 de
388 1561 468 1601 caccsa
483 1546 561 1611 ilclei,
578 1544 635 1608 rei,
649 1545 719 1600 sieut
733 1543 902 1614 premissum
920 1550 977 1605 cst,
1001 1542 1036 1597 de
1085 1540 1171 1610 glecta
1196 1542 1330 1597 charitate
1355 1553 1383 1597 et
1409 1541 1436 1596 ict
1458 1542 1567 1597 nomine
1593 1543 1698 1601 Domini
1724 1545 1878 1601 certissime

248 1623 320 1668 statu
335 1615 444 1671 bumacci
459 1616 576 1687 generis,
590 1614 633 1668 rel
646 1629 727 1669 eursu
743 1610 926 1673 rectitudinis,
941 1626 1036 1665 rerum
1086 1610 1244 1666 ιιιιιιιιιι
1259 1610 1451 1692 neglexeriuii
1474 1612 1527 1668 Sed
1546 1627 1596 1667 nos
1612 1612 1746 1672 diuturne
1767 1615 1877 1671 lectioni

248 1699 355 1755 quoque
370 1687 402 1740 de
413 1686 486 1740 cincti
502 1684 708 1740 dissensionem
725 1690 818 1737 sancta
837 1681 884 1736 liei
903 1679 1034 1745 Ecclesia,
1086 1688 1230 1750 uestraque
1241 1680 1347 1750 lastigie
1358 1680 1487 1753 [iastidlo]
1500 1681 1527 1736 iu
1539 1682 1652 1806 legendo
1663 1695 1817 1754 parcentes,
1830 1686 1878 1741 ubi

248 1771 308 1823 qum
320 1770 414 1823 pacem
427 1755 502 1809 iilam
515 1756 624 1810 turbare
636 1753 786 1816 ridebatur,
808 1766 889 1822 quant
908 1750 1037 1805 licuniucs
1052 1765 1074 1826 p
1088 1757 1163 1805 tauta
1175 1752 1210 1805 ab
1224 1751 1265 1807 eis
1278 1750 1409 1806 charitate
1420 1762 1543 1821 urgente,
1575 1767 1590 1807 e
1604 1753 1658 1808 beo
1669 1755 1768 1823 piacita
1778 1764 1874 1811 mutua

248 1825 377 1893 apostolis
399 1831 427 1878 et
449 1840 498 1895 per
518 1823 653 1894 apostolos
676 1823 753 1878 uobis
767 1821 892 1877 omnibus
906 1820 1037 1875 vicariam
1089 1818 1234 1876 dilectione
1248 1829 1354 1886 restra,
1373 1820 1519 1890 plorando,
1540 1821 1594 1878 into
1609 1823 1722 1893 lugendo
1736 1825 1878 1894 mnqccoct

248 1896 398 1962 prasentia
414 1911 469 1949 sue
482 1894 640 1964 dereliquit,
660 1892 771 1949 dicens:
789 1891 885 1945 Pacem
902 1906 986 1944 meent
1002 1889 1036 1944 do
1087 1897 1166 1953 sunt,
1181 1905 1242 1960 qum
1256 1891 1284 1946 iu
1298 1905 1381 1945 unum
1396 1890 1484 1961 colligi
1499 1889 1606 1948 dillicile
1619 1903 1741 1961 possunt,
1757 1896 1878 1958 omissis,

248 1963 333 2026 colis,
353 1981 442 2035 pacem
457 1982 541 2019 meam
557 1965 673 2036 relinquo
687 1962 755 2018 cobis
770 1961 860 2032 (loon.
876 1961 942 2028 scri.
969 1959 1037 2015 lihi-
1088 1958 1123 2013 ιιι
1139 1960 1261 2015 eamdem
1278 1960 1376 2015 seriem
1390 1959 1583 2028 detexendam,
1604 1978 1685 2034 quam
1700 1964 1751 2034 ipsi
1763 1966 1878 2019 de'inta·

249 2050 355 2104 cunque
379 2051 428 2106 per
446 2035 585 2105 quodlibet
601 2035 710 2119 pictatis
728 2037 917 2112 argumentum
935 2030 1038 2110 percin-
1088 2029 1181 2153 {inum
1204 2030 1339 2113 reddenda
1359 2030 1464 2086 ratione
1484 2033 1698 2102 spoponderant,
1722 2035 1878 2091 ιιιιιιιιιι.

249 2120 313 2173 gere
327 2105 429 2173 potuit,
446 2121 553 2173 semper
569 2106 648 2174 hupus
665 2110 765 2157 sancte
778 2103 851 2156 seclis
863 2114 956 2154 vccuru
970 2114 1037 2168 apo·
1124 2107 1172 2153 unt
1187 2114 1279 2155 enim:

248 2175 379 2228 stolorum
391 2175 514 2244 quaedam
527 2173 678 2239 mulcendo,
688 2173 809 2242 quadam
822 2171 929 2234 t'cr0,si
945 2170 1038 2224 iteres
1124 2167 1239 2225 Oramus
1252 2186 1326 2240 ergo,
1341 2170 1510 2226 sanctissime
1521 2178 1602 2242 atqne
1613 2172 1769 2230 beatissime
1785 2175 1880 2245 ponti·

175 2273 177 2276 .
248 2245 422 2313 poposcisset,
436 2245 543 2299 sublimi
558 2260 591 2300 ac
606 2242 758 2299 reiteranda
772 2240 941 2305 auctoritate,
955 2247 985 2294 ut
998 2239 1038 2293 di·
1089 2236 1148 2305 ies,
1163 2249 1193 2294 ut
1207 2240 1284 2296 nobis
1296 2241 1468 2311 antiquurunt
1481 2250 1589 2310 patrum
1603 2252 1757 2300 nostrorum
1775 2245 1829 2301 itae
1845 2248 1881 2300 de

247 2330 332 2383 gnum
345 2322 414 2379 erat,
430 2315 550 2370 docendo
564 2316 719 2385 pariterque
732 2309 902 2382 praedicando
915 2311 949 2365 ad
962 2309 1038 2380 pacis
1089 2323 1171 2364 eaccsa
1186 2310 1247 2365 vitae
1265 2325 1375 2366 cursum
1398 2310 1513 2366 recitare
1531 2311 1626 2378 liceat,
1646 2314 1780 2383 simulque
1798 2325 1881 2384 protrt

247 2384 421 2439 concordiam
435 2399 563 2441 revocare
576 2384 688 2439 studuit.
1089 2379 1203 2435 rationis
1215 2379 1282 2435 ordo
1294 2381 1460 2450 poposcerit,
1478 2396 1576 2439 sensus
1589 2383 1629 2438 sui
1644 2383 1771 2439 allectum
1784 2387 1813 2440 iu
1828 2386 1881 2442 bac

284 2454 403 2519 thorum
417 2454 519 2521 ricem,
534 2455 734 2524 qualescunque
747 2452 843 2515 simus,
858 2448 1038 2505 ministerium
1089 2449 1221 2504 dutttatcat
1238 2466 1285 2514 re,
1305 2463 1353 2505 eur
1365 2450 1404 2504 ita
1416 2451 1459 2505 rei
1475 2452 1514 2507 ιιι
1533 2454 1668 2508 tenuerint
1690 2455 1881 2511 interserendo

249 2532 341 2577 tamen
360 2524 521 2580 auctoritate
542 2526 706 2586 subeuntes,
730 2521 862 2577 charitate
885 2520 989 2602 pariter
1009 2527 1039 2574 et
1089 2517 1244 2590 adjungere.
1259 2519 1403 2576 Nectabis
1417 2522 1525 2577 taedium
1538 2522 1593 2589 stat,
1607 2524 1629 2579 si
1642 2525 1882 2581 adcstcndeudant

249 2594 344 2648 cadem
359 2593 518 2650 auctoritate
541 2594 659 2650 roborati
680 2592 874 2648 dissensionem
889 2589 962 2644 cllam
976 2604 1038 2658 qam
1089 2591 1223 2646 rationem
1236 2590 1371 2654 cecitatis,
1385 2590 1580 2662 veritatemque
1595 2594 1708 2649 rationis
1721 2608 1782 2651 sese
1801 2596 1883 2666 paulo

251 2661 320 2717 inira
329 2661 421 2735 [inter]
430 2665 513 2732 ipsam
523 2678 629 2733 semper
640 2664 695 2717 lieu
704 2660 845 2717 atnnhilem
856 2659 1038 2714 Romanorum
1090 2658 1195 2731 longius
1209 2676 1299 2717 sermo
1309 2662 1484 2744 protraxerit,
1499 2661 1644 2719 dummodo
1662 2664 1733 2718 linea
1747 2666 1881 2730 recitatis,

250 2730 460 2802 Grecorcuuque
481 2734 629 2789 Ecclesiam
653 2740 774 2787 exortam
798 2730 892 2785 durius
915 2728 1039 2807 eamdem
1089 2744 1150 2851 flue
1163 2732 1198 2786 ab
1212 2732 1331 2802 antiquis
1348 2731 1470 2801 patribus
1490 2733 1591 2788 uostris
1611 2749 1696 2804 ctscpre
1718 2736 1752 2790 ad
1770 2751 1821 2791 uus
1840 2737 1884 2789 in·

252 2802 400 2858 Ecclesiam
415 2820 496 2873 quant
517 2804 598 2859 saluti
622 2804 694 2858 illius
715 2800 873 2857 ullomodo
895 2798 1040 2854 convenire
1109 2799 1243 2855 esibiliter
1256 2801 1336 2856 ducta
1358 2811 1399 2856 cst
1419 2802 1499 2857 beato
1512 2803 1640 2876 Dionysio
1656 2803 1775 2869 scilicet,
1797 2805 1844 2877 qni
1866 2821 1884 2860 a

249 2872 349 2942 possit,
373 2874 539 2929 scindentem
559 2874 686 2929 diuturno
709 2880 763 2927 tent
784 2884 830 2925 ore
848 2869 1037 2940 cognorimus,
1089 2878 1184 2925 sancto
1200 2870 1338 2927 Clemente
1359 2871 1431 2927 beati
1453 2872 1528 2928 Petri
1549 2874 1661 2944 apostoli
1683 2875 1711 2929 in
1726 2877 1883 2945 apostolatu

251 2959 305 2996 non
322 2941 450 2998 audemus
466 2945 616 3010 declinare;
636 2953 667 2998 ut
680 2958 734 2998 nau
747 2886 819 2995 iiiam
833 2955 867 2996 etc
879 2939 1040 2994 auctoritate
1090 2941 1194 3009 primus
1207 2939 1266 3009 eius
1280 2956 1420 2998 successor
1433 2943 1552 3003 exstitit.
1576 2945 1603 2999 in
1617 2943 1717 3000 Gallias
1737 2961 1801 3001 cum
1816 2947 1884 3000 ιιι-

250 3019 390 3067 tantorum
415 3014 598 3083 apostolorum
623 3013 656 3068 ad
681 3013 755 3083 pacis
777 3010 949 3066 concordiam
974 3008 1040 3079 ipsis
1091 3010 1203 3066 denario
1216 3024 1329 3067 numero
1342 3011 1447 3082 primus
1459 3013 1621 3081 praedicator
1634 3015 1762 3081 directus,
1776 3025 1806 3070 et
1819 3025 1885 3087 pust

253 3081 432 3138 accedientibus
449 3099 502 3138 non
517 3084 661 3139 debeamus
681 3084 822 3138 aciroacre.
848 3080 1077 3169 ilaximeremc
1092 3081 1203 3151 aliquod
1226 3090 1333 3152 tempus
1354 3095 1407 3137 uua
1430 3097 1492 3137 cum
1514 3084 1596 3139 sociis
1615 3085 1672 3140 suis
1693 3086 1748 3142 huc
1764 3087 1886 3157 iiiucqne

253 3152 281 3206 in
296 3167 329 3205 cc
346 3152 417 3219 quod
432 3152 552 3221 ejusdem
567 3154 725 3208 miserrimae
739 3151 871 3206 dissensio
887 3164 919 3206 ca
935 3149 971 3205 sit
984 3163 1041 3203 ma·
1092 3150 1292 3220 praedicationis
1304 3152 1390 3222 gratia
1402 3166 1451 3220 per
1462 3152 1531 3207 idem
1546 3170 1658 3225 regnum
1670 3156 1801 3225 dispersis
1812 3173 1887 3211 mar·

254 3221 333 3286 teria,
346 3221 405 3274 sine
417 3223 562 3290 quacient
574 3223 793 3284 multisctdecccr,
805 3221 880 3275 saiva
892 3219 1039 3289 perfidem,
1094 3220 1165 3291 tyrio
1179 3228 1325 3277 ιιιιιιιιι
1337 3229 1389 3276 est.
1412 3221 1448 3277 Et
1458 3236 1612 3293 quanquam
1626 3223 1718 3294 plures
1731 3227 1884 3291 exsistant,

252 3305 344 3358 spem,
361 3297 388 3343 ιι
401 3291 561 3346 charitatem
579 3293 767 3348 incunctanter
781 3299 808 3345 et
822 3290 849 3343 in
865 3289 917 3344 ιιι
932 3288 1041 3354 seculo,
1093 3290 1203 3361 quidam
1213 3301 1357 3372 martyres,
1366 3290 1477 3361 quidam
1485 3292 1567 3347 etiam
1577 3293 1755 3359 confessores,
1766 3311 1887 3365 quorum

252 3368 281 3416 ct
298 3360 325 3414 in
340 3358 431 3416 iuiuro
444 3362 542 3416 salvari
556 3370 645 3431 potest
658 3360 789 3416 Ecclesia.
812 3360 931 3425 Quorum
946 3373 1044 3414 seusus
1094 3360 1206 3424 merita,
1220 3360 1309 3431 qualia
1323 3362 1394 3430 apud
1408 3360 1491 3416 ιιιιιι
1505 3361 1664 3429 habeantur,
1679 3367 1806 3435 quamtis
1836 3381 1888 3420 no-

252 3438 282 3485 et
300 3428 432 3485 sententia
447 3431 508 3486 talis
526 3442 578 3485 est.
595 3450 604 3481 c
621 3432 691 3498 thicl
706 3430 776 3492 icdei,
793 3429 860 3500 spei,
875 3435 902 3483 et
915 3427 1043 3483 charitati
1095 3430 1204 3487 tidianis
1216 3431 1355 3487 miraculis
1365 3439 1517 3498 atmsceut,
1528 3433 1591 3501 quia
1602 3443 1692 3489 tamen
1705 3446 1818 3505 propter

253 3500 350 3554 niccsse
366 3501 510 3568 potuisset.
526 3503 549 3557 si
564 3502 652 3572 imago
666 3501 738 3554 nulla
755 3507 811 3555 toto
825 3499 891 3554 orbe
907 3507 1043 3554 terrarum
1093 3500 1242 3569 gitudinem
1266 3509 1401 3556 terrarum
1426 3501 1503 3557 robis
1527 3501 1658 3559 minuse
1694 3505 1743 3559 niti
1769 3505 1889 3561 iactasse
1993 3543 1994 3560 c

254 3569 325 3638 picta
347 3569 389 3623 vel
413 3570 475 3625 ilcia
499 3569 640 3626 fecissetis
667 3570 701 3626 Et
724 3584 879 3640 quanquam
900 3569 971 3624 idem
994 3568 1044 3623 tilii
1094 3570 1228 3626 exsistunt
1241 3571 1412 3636 intermissis,
1426 3579 1549 3627 eructum
1562 3580 1652 3630 tamen
1692 3574 1801 3630 ilarium
1816 3578 1889 3631 anti·
1993 3581 1994 3592 ¹

255 3639 356 3703 nostri,
378 3641 424 3707 qui
439 3640 496 3695 ιιι
509 3642 618 3705 dicunt,
640 3639 836 3695 rationabiliter
853 3654 882 3693 se
901 3637 1045 3693 ostendere
1093 3655 1176 3708 quunt
1191 3640 1404 3696 ecclesiasticum
1417 3640 1572 3707 doctorem,
1593 3659 1643 3700 nec
1662 3659 1715 3698 nun
1731 3654 1761 3700 et
1774 3647 1889 3701 beatum

254 3722 334 3776 posse
352 3710 504 3765 nuliatenus
522 3710 628 3766 dubitat
646 3707 844 3783 [dubitabant]‚
867 3707 963 3762 melius
979 3706 1044 3762 iliud
1094 3709 1239 3765 ilartinum
1259 3720 1316 3766 toto
1333 3711 1399 3766 orbe
1415 3711 1613 3778 venerandum,
1632 3715 1708 3769 robis
1724 3716 1889 3773 nohssintes

256 3778 506 3847 nunqccamiuisse,
526 3780 762 3850 sinecujuscoltu
794 3778 893 3834 ericcta
912 3777 965 3832 lide
978 3790 1042 3846 spe,
1093 3794 1154 3835 esse
1179 3780 1290 3836 minime
1314 3780 1483 3846 dubitantes,
1513 3781 1548 3836 ad
1571 3784 1729 3838 memoriam
1754 3786 1890 3841 reducere

255 3857 283 3902 ct
296 3848 427 3903 charitate
441 3850 600 3906 universalis
613 3859 706 3906 sancta
718 3793 981 3928 lieiicclcsiasalm
1094 3849 1279 3906 necessarium
1300 3852 1482 3916 aestimemus,
1505 3866 1619 3921 quorum
1641 3854 1704 3909 uita
1726 3855 1889 3925 magisterio

256 3919 351 3971 tccisset
365 3919 528 3984 consistere,
545 3936 624 3989 quam
642 3921 692 3975 sub
705 3919 756 3974 hac
770 3932 913 3973 occasione
927 3932 980 3971 non
1013 3931 1045 3970 a·
1094 3920 1193 3984 eclocti,
1210 3920 1268 3976 baec
1281 3921 1320 3975 ita
1334 3918 1448 3975 tenenda
1461 3928 1543 3990 atque
1556 3924 1689 3978 ιιιιιιιιι
1702 3926 1887 3997 suscepimus

256 3986 340 4051 lciucct,
353 3988 400 4044 ced
412 3990 594 4045 certissimum
606 3989 671 4045 illud
683 3987 783 4043 malunt
795 3987 937 4043 discordie
948 3987 1046 4042 debere
1096 3988 1150 4044 Sed
1163 3993 1227 4059 quia
1243 3989 1315 4061 apud
1326 4005 1376 4046 uos
1388 3990 1431 4045 rel
1443 3989 1560 4059 maiores
1573 4001 1695 4059 nostros,
1712 4009 1747 4049 es
1761 4010 1818 4074 quo
1830 3994 1889 4050 ulia

256 4056 407 4124 incurrere,
432 4061 504 4128 quod
526 4060 578 4115 nisi
594 4067 748 4122 1ιιιιιιιιιιι
771 4057 869 4121 luerit,
893 4054 1047 4111 nuliatenus
1095 4073 1215 4129 praeseus
1236 4068 1303 4116 :etas
1322 4060 1461 4116 recordari
1477 4068 1580 4130 potest,
1601 4078 1739 4132 uunquam
1752 4066 1889 4132 eiusmodi

256 4142 317 4180 cum
338 4128 389 4182 bac
409 4128 578 4185 dissensione
601 4131 636 4185 ad
660 4128 813 4191 bominum,
840 4126 887 4196 qui
910 4134 952 4181 est
973 4141 1025 4196 pax
1037 4166 1045 4189 ,
1096 4129 1210 4199 questio
1221 4138 1294 4186 mota
1305 4129 1346 4186 rel
1358 4129 1485 4184 ventilata
1497 4127 1558 4196 luit,
1572 4132 1633 4188 ideo
1644 4147 1753 4202 semper
1762 4134 1829 4189 catis
1841 4148 1890 4187 ῃ.

254 4196 377 4251 omnium
396 4199 448 4254 sibi
466 4200 593 4268 placitam
610 4213 702 4269 pacem
717 4196 890 4261 habentium,
910 4211 1047 4279 tranquaut
1097 4200 1159 4255 iude
1173 4214 1232 4254 mos
1244 4215 1276 4256 ct
1289 4199 1427 4269 predictis
1438 4199 1557 4268 antiquis
1570 4202 1737 4270 temporibus
1750 4212 1889 4267 retentus,

257 4267 284 4319 iu
300 4278 428 4336 perpetuo
442 4285 521 4337 posse
535 4270 697 4339 pertingere.
713 4268 746 4322 Et
759 4267 883 4336 quamvis
896 4266 1002 4321 derotco
1017 4265 1049 4319 ll·
1097 4272 1126 4325 in
1140 4268 1267 4324 universa
1281 4269 1359 4324 istius
1372 4269 1447 4348 regni
1464 4268 1584 4325 Ecclesia
1597 4272 1717 4338 exstitit,
1739 4282 1771 4327 ut
1785 4273 1889 4337 utullus,

256 4335 345 4389 iorum
365 4337 417 4394 hoe
433 4348 588 4394 constanter
600 4338 733 4408 postulet,
753 4345 785 4391 ιι
802 4337 843 4390 eis
863 4336 1048 4391 ratiocinando
1098 4356 1130 4395 ιι
1142 4339 1164 4393 si
1177 4352 1212 4393 en
1224 4339 1385 4394 auctoritate
1397 4338 1515 4406 quedem
1530 4349 1630 4396 sancta
1642 4342 1690 4396 bei
1702 4342 1835 4398 Ecclesia
1845 4342 1891 4410 ie

255 4406 374 4474 qualiter
385 4409 418 4463 de
432 4409 498 4478 ipsis
510 4410 672 4478 imaginibus
686 4408 800 4462 discrete
813 4413 841 4459 et
853 4406 1048 4463 rationabliter
1062 4444 1085 4501 υ
1099 4411 1193 4472 beret,
1219 4409 1309 4463 nullus
1327 4408 1478 4534 ιιιιιιιἛι
1503 4408 1646 4482 imaginem
1659 4410 1759 4466 rolcmi
1776 4413 1892 4482 pingere

258 4476 390 4541 sentiant,
406 4487 499 4547 postea
512 4479 646 4534 disserere
666 4478 755 4532 liccat.
780 4476 857 4542 Quod
875 4476 898 4529 si
910 4482 974 4540 est,
998 4476 1045 4544 qui
1098 4477 1428 4548 autlingereprohiheret
1464 4477 1892 4550 ndeusquehodieeadernaped

258 4545 395 4613 suscipere
410 4546 483 4613 justo
497 4549 680 4603 moderamine
694 4546 758 4600 reiit
780 4544 888 4600 salubre
902 4545 975 4600 omni
997 4545 1047 4599 ho-
1098 4562 1147 4603 uos
1160 4548 1325 4604 consuetudo
1339 4555 1455 4610 tenetur,
1466 4553 1497 4600 ut
1508 4549 1571 4617 quia
1585 4550 1638 4604 ιιι
1650 4551 1801 4606 auctoritas
1813 4552 1891 4606 nath

260 4615 327 4668 ccciui
344 4630 404 4669 esse
418 4631 471 4670 non
485 4618 626 4680 dubitant,
652 4617 686 4671 ad
709 4617 938 4684 comparationem
956 4624 1046 4668 ιιιιιι
1094 4616 1186 4687 iubet,
1209 4631 1289 4672 nemo
1307 4616 1414 4686 jubeat,
1434 4616 1558 4673 similiter
1569 4618 1633 4700 quia
1647 4620 1798 4676 auctoritas
1811 4621 1892 4674 anila

260 4683 1048 4756 tantintaiieamdcmimaginumcaccsantprorcihilncom·
1097 4687 1235 4757 prohibet,
1258 4701 1337 4742 nemo
1355 4687 1507 4755 prohibeat.
1532 4688 1679 4755 Qucatero
1695 4699 1893 4759 propterprt-
1993 4743 1994 4762 ,

259 4759 371 4822 putaui,
391 4754 414 4808 si
428 4770 480 4823 pax
495 4756 557 4820 iila,
572 4771 632 4880 iiuae
645 4757 679 4810 ad
691 4762 819 4810 eternam
833 4755 930 4820 vitam,
945 4755 992 4824 qui
1005 4762 1068 4808 est·
1098 4757 1208 4811 mimam
1222 4756 1355 4811 rationem
1373 4756 1451 4811 aliter
1464 4771 1525 4811 esse
1539 4773 1593 4813 nou
1606 4767 1715 4826 potest,
1740 4758 1793 4814 uisi
1817 4761 1892 4814 ratio
1993 4767 1994 4774 ’

261 4823 313 4883 ria,
329 4824 438 4890 veritas,
453 4826 557 4889 cirita,
591 4826 655 4886 ucit,
671 4824 705 4879 ad
718 4824 923 4879 cantdeutciam
948 4823 1048 4878 verita·
1097 4824 1159 4881 iude
1180 4826 1320 4890 habeatur,
1342 4822 1457 4880 tortasse
1470 4828 1565 4883 eadem
1584 4827 1654 4882 ratio
1670 4829 1724 4883 tale
1744 4830 1892 4884 exordium

260 4903 368 4962 temque
381 4894 509 4963 perducta
522 4912 576 4950 ιιιιι
588 4895 679 4950 inerit.
1097 4910 1152 4950 icon
1171 4895 1389 4950 inconvenienter
1405 4895 1505 4949 habere
1517 4897 1627 4967 poterit.
1652 4897 1683 4952 Si
1702 4898 1710 4952 i
1729 4898 1785 4953 ‘tur
1798 4899 1898 4969 imago

297 4964 331 5018 Et
346 4966 445 5020 idcirco
458 4974 571 5021 cunctus
586 4966 685 5022 chorus
697 4963 866 5019 sacerdotum
885 4979 935 5019 nec
951 4978 1004 5018 non
1020 4970 1049 5018 ct
1098 4964 1126 5019 in
1147 4973 1203 5019 toto
1217 4966 1283 5019 orbe
1302 4973 1435 5019 tenerum
1450 4963 1527 5024 ,nnita
1548 4967 1621 5035 pieta
1641 4967 1685 5020 rel
1727 4976 1771 5023 eta
1794 4977 1892 5029 essct,

259 5035 350 5091 cumis
363 5044 471 5091 senatus
487 5037 567 5092 totius
581 5035 669 5105 gentis
683 5050 730 5090 scu
749 5033 854 5103 imperii
867 5033 1047 5097 Francorum,
1098 5033 1219 5103 nunquid
1233 5034 1334 5104 aliquid
1347 5032 1424 5099 iidei,
1438 5034 1509 5103 spei,
1526 5036 1569 5090 rel
1582 5037 1710 5092 charitati
1722 5047 1826 5093 ιιιιιι
1841 5037 1894 5093 liei

259 5105 428 5159 ctu.cic·crsa
446 5106 563 5160 iiceiesia
578 5103 850 5175 pertotancGaliiam
865 5119 926 5158 cunt
943 5103 1049 5157 ceteris
1098 5103 1226 5159 Ecclesiae
1242 5103 1370 5159 obesseti
1393 5103 1496 5159 iiursus
1512 5107 1536 5160 si
1553 5106 1607 5168 ita,
1632 5115 1662 5161 ut
1683 5107 1894 5188 inquibusdant
1993 5111 1994 5114 ’

259 5174 407 5246 procittciis
420 5175 506 5229 eidem
527 5191 542 5228 a
564 5177 619 5231 beo
640 5174 824 5231 consecrando
847 5172 960 5242 imperio
984 5172 1048 5226 suh·
1098 5174 1165 5229 iocis
1178 5173 1294 5228 maxime
1308 5172 1437 5228 Ecciesiis
1457 5188 1506 5228 seu
1523 5174 1634 5258 palatiis
1652 5176 1827 5246 principum,
1856 5177 1895 5233 eb

262 5245 336 5309 clitis,
351 5245 441 5299 audita
454 5245 524 5299 ianm
538 5245 657 5299 deiende
669 5245 845 5310 dissensionis
858 5242 973 5296 iratrnm
984 5256 1049 5296 ιιι·
1098 5243 1201 5298 nullum
1215 5244 1297 5297 aliurn
1311 5242 1450 5297 catholicae
1469 5243 1531 5299 fidet
1552 5260 1600 5300 scu
1619 5246 1758 5329 religionis
1771 5247 1894 5310 ιιιιιιιιι,

263 5329 343 5378 cum,
367 5313 582 5369 irrevocabiliter
595 5314 748 5384 postulant,
769 5321 800 5367 ut
814 5313 889 5384 prius
904 5326 953 5381 per
969 5311 1049 5366 istius
1098 5313 1145 5369 sed
1160 5314 1346 5368 tantummodo
1359 5313 1506 5378 scicntibns
1527 5329 1578 5385 pro
1591 5329 1692 5371 amoris
1703 5316 1741 5384 pii
1756 5318 1894 5372 ιιιιιιιιι

261 5390 364 5437 sacceas
376 5385 449 5440 sedis
463 5400 478 5439 a
493 5384 547 5439 lieo
560 5392 747 5439 conservatam
761 5385 788 5438 in
802 5382 947 5451 iuturoque
963 5396 1049 5451 esque
1099 5398 1147 5438 seu
1170 5392 1330 5437 ornamento
1354 5381 1509 5438 eommdem
1536 5384 1675 5449 locorum;
1703 5386 1897 5440 nescientibus

262 5453 291 5505 iu
302 5449 382 5506 liccem
396 5454 498 5518 saculi,
509 5454 580 5510 sicut
589 5454 640 5525 ipsi
652 5454 843 5516 indubitanter,
856 5460 884 5505 et
895 5467 945 5505 nos
955 5465 1049 5506 omues
1099 5467 1163 5506 reru
1184 5467 1233 5521 pro
1250 5450 1369 5520 ejusdem
1389 5453 1499 5522 pietatis
1518 5454 1640 5510 doctrina
1659 5455 1739 5536 pictae
1755 5455 1801 5509 rei
1820 5455 1897 5510 licta

263 5534 312 5589 per
326 5523 421 5578 merita
440 5523 622 5593 apostolorum
640 5522 817 5586 confidimus,
836 5521 1049 5577 conservandam
1099 5527 1179 5584 sunt,
1204 5522 1242 5576 ita
1264 5536 1313 5592 pcr
1331 5521 1434 5591 reliqna
1447 5519 1569 5591 ejusdem
1586 5523 1749 5595 imagmibus
1770 5540 1895 5596 congnn

263 5591 465 5654 auctoritatem,
481 5593 544 5647 iilud
559 5606 730 5661 summopere
743 5605 863 5661 quaerere
881 5590 1047 5654 lectitemus,
1099 5591 1234 5647 domicilia
1257 5590 1291 5644 ιι
1312 5592 1436 5646 cumdem
1450 5606 1557 5647 sensum
1572 5594 1738 5663 pertinentes
1751 5595 1837 5663 pictae
1853 5594 1895 5648 rei

264 5667 296 5710 at
315 5659 377 5726 quia
400 5673 508 5716 auctore
530 5663 599 5722 lico,
621 5662 679 5717 ιιι
697 5661 751 5716 ιιι
766 5676 847 5730 regna
865 5661 891 5714 iu
911 5669 968 5714 toto
983 5661 1050 5715 orbe
1100 5661 1170 5716 ictae
1190 5668 1300 5724 esseut,
1323 5660 1387 5730 quid
1406 5659 1822 5746 praeistiscirtutihuscuquam
1847 5674 1894 5718 ant

266 5738 399 5784 meracum
411 5732 568 5801 princip-clia
579 5741 670 5788 mutua
681 5731 732 5787 sibi
742 5731 797 5786 hm
808 5731 905 5800 placita
916 5731 1049 5786 charitate
1101 5746 1214 5802 usquam
1226 5731 1320 5786 obesse
1332 5730 1480 5798 potuisset?
1495 5731 1529 5788 Et
1541 5732 1601 5789 ideo
1613 5733 1677 5798 quia
1690 5749 1734 5791 res
1747 5744 1785 5790 ιιι
1798 5749 1833 5791 sc
1846 5735 1890 5792 ba
