4050 6192
170 338 205 395 13
275 334 354 395 601).
373 315 512 391 11111011.
527 363 563 375 -
578 331 726 400 benun..
748 331 836 398 ETC„
866 331 932 388 SEU
954 328 1070 388 cebsx
1088 329 1297 389 cnnottntls.
1315 362 1349 374 -
1368 333 1481 392 cubuit
1500 335 1697 396 rnAErnrto.
1770 340 1805 397 11

166 452 239 510 tedis
250 459 329 507 extra
341 462 450 504 otonem
461 446 549 502 aleam
563 452 709 516 ponuntur,
718 443 745 498 in
759 443 870 500 dubium
881 449 960 499 vocat
974 446 1000 502 Α
1013 440 1130 512 imperii,
1146 442 1194 498 sed
1209 455 1354 515 reqcomm
1368 443 1457 500 Caroli
1469 444 1639 516 imperatoris
1652 450 1808 508 meminisse

165 554 213 604 sut
224 544 286 600 falsi
304 542 402 611 arguit.
1013 535 1175 605 comperies.
1200 534 1361 604 Quinetiam
1374 536 1554 606 ipseCarolus
1565 547 1622 595 tuor
1635 539 1662 596 in
1677 540 1810 599 diuisione

199 636 244 693 iil.
264 633 425 703 Ριιςτιιιιιιι
436 631 463 686 id
477 630 531 684 tilis
544 628 677 685 accidisse
691 627 772 684 fldem
793 627 896 682 faciunt
913 627 965 681 ftu-
1015 643 1158 699 regnorum
1170 627 1241 683 inter
1251 628 1321 684 filios
1335 666 1342 693 ,
1358 635 1416 684 tum
1431 628 1459 683 in
1473 638 1646 696 testamento,
1659 647 1731 688 anuo
1744 632 1808 697 8lt,

164 742 259 784 mensa
273 725 429 796 huiusmodi
445 723 574 778 librorum
589 729 617 777 et
627 729 792 777 tractatuum
807 718 895 790 copia,
910 733 963 788 qua
1015 719 1048 775 de
1065 720 1122 775 suis
1142 720 1233 790 regnis
1245 719 1377 785 deceruit,
1403 719 1558 776 nullatenus
1572 721 1606 778 de
1625 721 1749 792 imperio.
1777 723 1810 778 Et

165 821 224 877 fere
246 818 401 881 obruimur,
420 824 482 886 post
499 815 572 870 edita
590 813 747 869 Italicarum
760 810 963 882 Antiquitatum
1014 827 1076 867 cum
1088 810 1253 884 liquisgraui
1264 812 1421 869 convocatis
1431 814 1506 883 regui
1519 814 1687 883 proceribus,
1701 825 1755 871 tam
1766 832 1811 872 ιι-

165 929 214 969 sex
224 926 322 982 magna
333 909 482 972 uolumina,
501 915 529 961 et
542 905 648 960 minora
659 903 801 960 duodecim
817 902 963 960 Annalium
1013 903 1174 959 clesiasticis
1185 918 1267 973 quam
1277 903 1365 969 laicis,
1376 904 1542 961 Lndovieum
1554 907 1707 976 Aquitaniae
1719 922 1810 980 regern
1834 968 1839 975 ,

164 1002 257 1063 ltaliae,
278 1016 341 1071 qure
354 1014 433 1054 suum
445 999 527 1053 ctiam
548 996 576 1050 in
590 994 690 1050 idioma
704 992 913 1059 transtulerunt,
932 999 964 1047 ut
1013 994 1065 1051 sibi
1080 1010 1264 1051 successorem
1276 996 1359 1067 cleqlt
1382 996 1392 1068 (
1400 995 1498 1067 theg,
1514 1014 1540 1054 c.
1556 997 1587 1069 11)
1601 1001 1739 1071 conceptis
1750 1016 1811 1058 ter·

163 1096 247 1154 latius
258 1099 384 1164 paterent
394 1099 475 1160 atque
483 1087 620 1144 intellectu
631 1084 753 1142 faciliora
763 1085 861 1154 cuique
872 1094 964 1141 esseut
1013 1084 1056 1140 bis
1066 1085 1809 1171 eosiuterrogaritnsicisplacuissetutuomensuum‚

165 1187 239 1242 iniis
251 1191 395 1248 ιιιιιιιιιν,
408 1196 513 1238 ιιιιηιιι
524 1178 622 1250 aliquis
629 1177 762 1248 ejusmodi
772 1186 887 1234 conatus
895 1176 963 1232 italo
1015 1174 1091 1230 idest
1103 1175 1245 1246 imperium
1256 1176 1313 1232 filio
1323 1178 1524 1235 suobudcwico
1535 1182 1701 1239 tradidisset.
1713 1204 1722 1238 ι
1737 1185 1810 1242 idem

164 1279 255 1334 eidem
269 1272 495 1331 auctori-dicatus
517 1272 649 1326 aduersus
660 1268 817 1340 apostolice
831 1269 904 1325 sedis
916 1268 964 1323 do-
1014 1266 1055 1321 sic
1067 1266 1164 1337 imper.
1177 1266 1334 1337 designatus
1349 1269 1377 1323 io
1387 1268 1562 1339 Aquitaniam
1574 1273 1665 1342 rediit,
1691 1282 1739 1329 iet
1755 1276 1812 1331 Ito·

164 1369 293 1431 minium,
317 1381 352 1421 ex
364 1366 446 1421 editis
464 1364 499 1419 iis
520 1362 868 1431 uoluminibusexpressus.
892 1360 964 1415 Tan·
1015 1358 1105 1414 minus
1125 1359 1272 1430 imperator
1282 1361 1368 1416 teumt
1380 1376 1493 1432 regnum
1509 1370 1538 1419 et
1549 1379 1647 1420 oonieu
1671 1381 1750 1423 suum
1763 1368 1812 1424 bc-

165 1468 224 1513 tam
238 1472 289 1526 ego
299 1455 437 1512 licentiam
454 1455 478 1510 si
490 1455 586 1509 reffero
599 1468 780 1523 compescere,
793 1469 891 1523 aquam
901 1459 964 1507 tun·
1015 1448 1145 1511 comice,
1170 1449 1241 1504 sicut
1261 1450 1372 1522 dignuin
1394 1460 1485 1507 erat.»
1513 1452 1578 1509 Post
1591 1453 1680 1512 Caroli
1695 1464 1810 1513 mortem

168 1556 271 1612 dmm,
303 1547 680 1607 pppniummopontiepdum
692 1547 964 1611 mihiessevtppqur
1016 1536 1276 1612 Ludorieusfldem,
1291 1555 1316 1596 c.
1330 1541 1358 1610 8)
1380 1541 1475 1597 «teuit
1489 1542 1652 1615 Aquisgruui
1668 1545 1810 1614 palatium,

164 1646 320 1715 opinionem
339 1643 451 1698 omniuo
467 1641 563 1696 falsam
575 1641 609 1696 de
621 1648 722 1695 sauctae
742 1639 814 1695 sedis
832 1637 961 1702 dominio,
1015 1638 1043 1684 et
1054 1631 1172 1701 suscepit
1181 1632 1272 1687 omnia
1290 1647 1373 1703 regna
1386 1648 1447 1703 quae
1466 1633 1538 1690 fieus
1554 1635 1664 1690 tradidit
1675 1637 1747 1707 putri
1762 1652 1813 1693 suo

163 1740 201 1795 cb
215 1736 287 1791 male
298 1742 454 1805 perceptam
473 1732 590 1789 indolem
603 1731 720 1801 imperii,
732 1731 798 1795 sive,
816 1740 847 1785 ut
865 1731 963 1786 melius
1015 1720 1074 1776 sine
1089 1721 1144 1777 ulla
1159 1723 1406 1780 contradictione.»
1433 1726 1513 1782 Exiis
1525 1728 1651 1784 omnilurs
1663 1728 1813 1800 legationes

163 1828 266 1892 dicam
282 1825 464 1896 imperatorius
473 1823 613 1894 tbgrritatis
627 1825 654 1877 iu
664 1820 810 1878 Occidente
822 1821 961 1885 institute,
980 1802 1003 1861 Β
1015 1812 1129 1883 1113091111,
1140 1814 1390 1872 &attentatarum
1401 1832 1509 1888 quoque
1518 1818 1613 1892 (titt,
1622 1837 1682 1892 cap.
1694 1823 1726 1877 11
1739 1826 1812 1896 seq.)

161 1934 212 1975 seu
224 1920 516 1974 instaurataeasancto
529 1914 656 1986 pontifice
672 1912 814 1978 Leonelil,
833 1921 874 1969 tot
894 1913 964 1968 scri·
1016 1912 1043 1960 el
1063 1920 1096 1961 et
1111 1920 1195 1977 tegno
1219 1906 1400 1978 ltaliaeipsom
1422 1924 1514 1979 regem
1528 1911 1706 1980 bernardum,
1729 1931 1812 1986 quero

160 2019 275 2081 ptorum
288 2018 388 2065 cetera
405 2007 573 2064 eruditomm
587 2016 668 2077 atque
683 2005 755 2061 acris
775 2004 877 2076 ingenii
889 2003 965 2060 fucu-
1013 2004 1077 2066 post
1092 1998 1244 2068 praestitum
1259 1996 1397 2054 fidelitatis
1410 1998 1593 2069 iuramentum
1608 2002 1634 2058 io
1653 2003 1757 2061 italiam
1770 2021 1814 2063 re·

159 2099 511 2169 brationibuspostbabitis,
525 2097 696 2168 patefaciam.
719 2098 757 2151 fta
768 2096 965 2166 siquidcmfta-
1015 2087 1101 2142 mitit·
1134 2087 1244 2144 Duobus
1259 2089 1355 2159 primis
1369 2091 1444 2161 regui
1468 2091 1547 2147 annis
1562 2107 1654 2163 regem
1666 2103 1694 2150 ot
1711 2097 1813 2165 princi.

160 2192 224 2249 [ιω
236 2191 335 2248 saltem
344 2189 480 2260 iuuentuti
493 2189 647 2245 consultum
660 2187 722 2252 erit,
745 2202 780 2243 ne
791 2185 908 2241 alienum
919 2200 964 2242 se·
1014 2179 1249 2249 10113116111111111
1261 2180 1383 2237 1111111115
1394 2198 1401 2248 ;
1417 2190 1525 2239 1111111110
1537 2183 1591 2239 8Ιῦ
1602 2184 1756 2255 Stephanus
1766 2188 1812 2255 ii·

160 2294 266 2356 quatur
277 2296 410 2349 errorem,
422 2288 470 2336 aot
484 2295 535 2351 per
557 2280 634 2335 deria
651 2279 780 2335 incedens
803 2278 837 2333 ad
860 2285 963 2333 rectum
1015 2269 1114 2326 Leonis
1133 2286 1285 2338 successor,
1312 2273 1339 2329 in
1352 2273 1495 2329 Francicus
1517 2275 1702 2335 seconlercns
1717 2278 1812 2351 (tlte,

160 2375 305 2432 mtrem
319 2372 476 2428 mouetur.
497 2368 775 2440 incompunctus
789 2377 964 2425 monomenta
1015 2361 1109 2433 ute),
1125 2380 1135 2414 r
1151 2364 1444 2422 mmmcuroeiomnt
1490 2369 1811 2439 puloconsecrariteum.

160 2468 278 2524 minimo
293 2465 376 2523 dubia
387 2462 558 2536 proferendo,
573 2476 607 2517 ex
620 2461 718 2532 quibus
730 2460 832 2531 liqueat
841 2466 964 2515 sainctum
1014 2462 1043 2509 et
1054 2455 1133 2510 unxit
1150 2454 1184 2510 ad
1205 2455 1405 2527 imperatorem,
1423 2470 1450 2515 et
1495 2468 1588 2517 retiam
1604 2477 1715 2520 auream
1737 2465 1813 2521 mirus

159 2557 321 2630 pontificem
334 2571 389 2611 non
398 2554 573 2610 transtulisse
590 2568 641 2609 nec
653 2554 797 2609 innovasse
808 2550 963 2622 imperium,
1015 2544 1227 2614 pulchritudinis
1251 2554 1279 2602 et
1304 2549 1510 2617 pretiosissimis
1538 2555 1654 2624 gemmis
1676 2566 1811 2625 umatum,

161 2649 241 2718 quod
263 2649 368 2704 scitica
391 2644 543 2702 inoriente
558 2645 753 2715 perseverarit,
772 2658 822 2700 nec
833 2643 964 2714 pontificii
1015 2651 1098 2707 quam
1122 2652 1215 2694 aecum
1228 2647 1427 2709 apportaverat,
1441 2641 1532 2711 posuit
1548 2655 1722 2715 supercaput
1742 2646 1811 2715 ejus.

160 2738 238 2809 juris
247 2747 305 2794 erat
323 2747 371 2793 aut
381 2736 528 2793 uoluntatis
540 2736 607 2792 illud
617 2736 805 2807 exstiirquere3
824 2742 857 2790 ut
866 2735 965 2792 Leonis
1015 2729 1050 2785 El
1075 2728 1270 2801 {militariam
1304 2731 1426 2801 reginam
1452 2733 1595 2804 appellavit
1619 2736 1809 2808 Augustam.»

166 2840 339 2883 mocesrores
362 2826 559 2896 comprobant,
586 2826 633 2896 qui
664 2823 802 2882 (lrieutafe
822 2825 964 2896 imperium
1016 2819 1261 2888 tttnctuuovieus,
1286 2823 1359 2895 regis
1374 2825 1484 2889 nouiiue
1504 2827 1635 2898 obsoleto,
1663 2830 1811 2902 imperator

163 2917 281 2973 mininie
297 2917 529 2973 detrectaverunt:
553 2914 772 2981 sedinstituissc,
795 2914 838 2971 rel
859 2915 964 2971 instau·
1016 2910 1069 2966 dici
1083 2912 1174 2982 coepit.

162 3024 244 3065 rasse
256 3007 456 3080 imperatoriam
469 3008 639 3080 dignitatem,
661 3016 692 3063 ιιι
705 3007 758 3063 sibi
774 3006 885 3077 suisque
901 2998 965 3062 ‘suc-
1052 3002 1084 3057 V.
1105 3002 1244 3070 Quacum
1257 3017 1321 3059 rera
1337 3007 1402 3071 siut,
1427 3016 1457 3063 ut
1472 3016 1535 3065 sunt
1560 3019 1636 3068 certe
1659 3013 1808 3079 uerissima.

161 3099 321 3157 cessoribus
346 3114 379 3155 ac
403 3099 550 3155 ditionibus
574 3105 676 3154 sancte
694 3097 767 3153 sedis
786 3096 963 3168 prospiceret,
1016 3094 1195 3163 nequicquam
1210 3095 1343 3151 annalista
1356 3096 1438 3155 italus
1462 3100 1518 3171 (an.
1540 3102 1604 3173 806)
1623 3119 1705 3159 unam
1722 3120 1738 3161 e
1756 3110 1813 3165 suis

161 3190 442 3249 coutrasubditoruur
454 3188 606 3245 audaciam.
630 3185 780 3255 Quisenim
795 3186 963 3256 credatper-
1017 3172 1093 3240 falsis
1106 3185 1279 3254 opinionibus
1299 3186 1417 3264 pmjicit,
1438 3204 1522 3261 seque
1539 3192 1596 3262 ipse
1618 3198 1813 3266 testeproboro

162 3283 232 3339 dere
248 3295 312 3335 cum
323 3278 440 3335 uoluisse
452 3292 585 3333 summam
599 3278 783 3333 Romanorum
795 3275 964 3347 pontificum,
1015 3276 1113 3331 nititur
1124 3276 1251 3333 Carofunt
1264 3279 1302 3336 nil
1325 3282 1358 3336 de
1372 3283 1440 3338 urbe
1452 3290 1479 3337 et
1491 3282 1550 3354 eius
1573 3285 1670 3343 ducatu
1685 3305 1767 3360 agere
1781 3292 1810 3347 in

163 3373 290 3443 quicum
303 3369 773 3442 precesserantacsocururiemnt,
786 3371 966 3439 potestatem?
1015 3382 1047 3424 ea
1070 3367 1214 3435 diuisione,
1236 3370 1300 3440 quia
1317 3370 1357 3427 illi
1373 3374 1575 3445 reservabatur,
1594 3380 1640 3449 qui
1655 3378 1811 3452 designatus

162 3466 234 3534 Quis
244 3472 320 3536 putet
330 3462 708 3533 tantumlaciuusapontifrec
719 3462 870 3518 sanctitatis
880 3460 965 3531 gloria
1015 3467 1109 3529 postea
1124 3470 1196 3517 esset
1212 3461 1397 3519 Romanorum
1419 3475 1575 3536 imperator.
1612 3468 1647 3526 Et
1662 3486 1734 3529 anno
1747 3474 1811 3541 815,

162 3553 384 3612 celebratissima
396 3559 579 3623 perpetratum
603 3566 673 3617 esse,
690 3560 720 3606 ut
731 3551 845 3621 principi
856 3559 966 3622 aposto·
1015 3567 1076 3606 cum
1090 3567 1189 3609 nomen
1203 3553 1377 3623 imperatoris
1392 3557 1522 3613 tributum
1534 3557 1585 3615 luit
1594 3558 1731 3620 Ludovico
1743 3579 1808 3636 pro-

162 3648 255 3704 torum
273 3646 394 3702 auferret
406 3646 536 3716 quodrex
553 3645 683 3716 eppinus
700 3644 784 3701 semel
796 3645 965 3702 obfatnmre·
1015 3656 1107 3698 cerum
1127 3643 1295 3702 Francorum
1308 3662 1451 3717 consensu,
1473 3649 1536 3718 iure
1558 3651 1655 3722 conjici
1669 3669 1750 3725 posse
1773 3657 1811 3713 ait

162 3735 262 3809 ligioni
279 3735 357 3791 duxit
368 3734 527 3805 imperatori
549 3732 670 3791 Orientis
684 3735 843 3799 concedere,
867 3742 964 3791 ettam
1015 3733 1160 3790 minimeid
1168 3735 1328 3805 praestitisse
1337 3736 1465 3795 carolum
1479 3742 1727 3802 inconsultoLeone
1742 3761 1810 3816 pon-

162 3829 223 3899 ipse
235 3842 319 3897 ᾳιιιιιι
331 3825 402 3882 libus
414 3824 528 3882 Carolus
537 3826 598 3881 diro
622 3824 704 3881 Petro
718 3824 848 3882 adversus
859 3825 964 3899 baugo-
1015 3823 1098 3879 tiftee.
1127 3824 1263 3880 Continuo
1274 3836 1364 3882 autem
1376 3829 1480 3885 subdit:
1497 3831 1598 3887 «Certe
1606 3832 1747 3892 isFraucis
1757 3852 1811 3892 nou

163 3920 266 3975 bardos
292 3919 431 3974 invasores
454 3916 631 3975 validissimis
655 3915 821 3972 exercitibus
843 3915 964 3973 rindiea·
1013 3912 1149 3970 referebat
1158 3924 1297 3985 acceptam
1323 3918 1536 3976 dominationem
1549 3919 1641 3989 Urbis,
1660 3938 1712 3980 nec
1725 3924 1810 3995 maje-

163 4009 251 4065 nmtt
1013 4010 1113 4059 statem
1127 4003 1208 4069 tituli,
1223 4012 1251 4060 ct
1264 4005 1364 4074 gradus
1388 4007 1591 4078 imperatoris»
1615 4020 1646 4066 ut
1658 4021 1735 4068 sonat
1750 4029 1811 4070 rer·

199 4100 247 4157 W.
266 4100 362 4170 ltaque
372 4115 428 4155 non
439 4098 594 4170 imperium,
607 4101 656 4158 sed
668 4100 860 4171 imperatorem
870 4101 899 4158 in
913 4098 964 4158 ορ.
1013 4095 1109 4151 nacola
1124 4093 1183 4165 ejus
1194 4095 1328 4152 sententia
1338 4097 1436 4154 Latine
1447 4099 1561 4155 reddita.
1587 4100 1654 4156 'lam
1666 4101 1720 4159 alte
1734 4103 1811 4160 sede-

163 4193 274 4249 cideutc
286 4192 464 4249 sanctusLeo
479 4191 513 4248 fll
527 4192 699 4249 instauravit.
729 4192 864 4264 Cujusrei
886 4195 963 4252 tostis
1012 4187 1246 4245 batilliusauimo
1264 4187 1809 4262 faisabaecopiniodedcruinationellr·

163 4285 413 4356 integerrimusest
427 4283 581 4340 Ludcricus
597 4284 629 4350 fl,
643 4284 796 4355 inepistofa
815 4286 915 4344 celebri
927 4287 963 4344 ad
1011 4281 1070 4338 bist
1095 4281 1206 4338 Falsum
1227 4291 1388 4353 utrumque:
1417 4299 1481 4340 uam
1495 4285 1610 4342 Carolus
1624 4285 1653 4341 in
1675 4288 1808 4346 diuisione

161 4372 295 4428 basilium
304 4372 369 4443 imp.
381 4371 697 4445 Orientisfftarou.,87l,
708 4390 736 4429 u.
747 4374 778 4430 51
789 4391 797 4442 ;
809 4375 959 4444 Duebesne‚
1011 4386 1168 4441 regnorum,
1182 4372 1229 4428 obi
1241 4388 1411 4444 quaecuuque
1423 4382 1502 4430 erant
1511 4373 1583 4443 juris
1599 4374 1641 4431 sui
1654 4376 1726 4432 iuter
1737 4378 1809 4437 filios

163 4463 267 4533 script.
279 4461 306 4516 F
307 4479 393 4529 runc,
406 4462 514 4529 tomili,
528 4478 555 4536 p.
568 4463 643 4535 555),
662 4466 708 4534 qui
720 4465 800 4521 simul
814 4482 906 4523 reram
919 4469 961 4525 in·
973 4492 1000 4554 n
1011 4460 1160 4527 distribuit,
1175 4461 1289 4519 Romam
1300 4461 1411 4534 ejusque
1426 4462 1562 4532 ducatum,
1590 4478 1650 4535 quae
1663 4467 1809 4537 pontificiae

162 4555 255 4611 doiem
266 4555 426 4610 instauratae
444 4555 584 4625 dignitatis
596 4556 732 4613 declarat:
761 4557 905 4625 «Carolus,
917 4558 960 4614 in·
1012 4557 1204 4613 dominationis
1220 4566 1306 4625 eraut,
1331 4573 1385 4614 uon
1399 4572 1481 4632 ausus
1501 4567 1543 4615 est
1559 4558 1666 4616 illorum
1681 4562 1809 4632 cuiquam

162 4634 235 4718 quit,
247 4647 369 4719 Magnus,
380 4648 482 4704 abacos
494 4659 595 4715 noster,
611 4650 739 4706 unctione
749 4651 902 4722 hujusmodi
912 4667 961 4724 per
1012 4650 1143 4716 tribuere,
1158 4650 1206 4705 sed
1218 4649 1324 4705 cunctis
1334 4664 1368 4705 ex
1380 4664 1459 4721 aequo
1472 4648 1649 4717 defendenda,
1663 4651 1735 4723 quod
1749 4663 1809 4709 erat

163 4754 302 4793 summurn
320 4739 476 4808 pontificem
498 4739 644 4808 delibutos,
664 4741 769 4811 primus
790 4758 824 4799 ex
841 4754 921 4814 gente
933 4753 961 4800 et
1010 4738 1180 4809 patriciatus,
1193 4746 1221 4794 et
1235 4737 1377 4809 postmodo
1389 4739 1573 4810 imperatorie
1586 4740 1738 4812 majestatis
1748 4760 1810 4800 mtr-

166 4828 322 4900 genealogia
337 4838 429 4885 nostra
444 4831 544 4900 pietate
566 4831 595 4886 in
609 4847 643 4889 eo
658 4833 814 4890 abundante
827 4845 855 4890 ιι
878 4835 961 4907 impe-
1010 4846 1073 4897 nus,
1086 4829 1216 4900 iniunxit:
1238 4830 1446 4901 «superomnia
1459 4839 1559 4894 autem,
1572 4832 1810 4905 inquit‚jubemns

163 4919 398 4983 mtordictnsest,
414 4920 696 4980 cthristusllomini
709 4923 883 4981 factusest.i
908 4926 960 4983 fie-
1010 4929 1041 4978 ut
1051 4921 1102 4993 ipsi
1126 4930 1183 4979 tres
1205 4920 1411 4979 fratrescuram
1431 4932 1460 4980 et
1474 4924 1658 4982 defensionem
1680 4928 1809 4985 Ecclesiro

162 5024 307 5080 nucusque
319 5010 416 5066 Graeco
428 5026 529 5067 morem
539 5027 641 5083 gerere,
666 5014 713 5084 qui
732 5012 898 5070 Francorum
910 5015 961 5070 im·
1009 5016 1097 5072 saneti
1114 5013 1189 5071 Petri
1202 5015 1282 5070 simul
1297 5015 1456 5085 suscipiant,
1478 5016 1549 5072 sicut
1564 5018 1700 5089 quondam
1711 5021 1745 5077 ab
1756 5035 1808 5075 aro

161 5106 961 5185 peratorensappelfarieomrofebat,ffoemrcnovataeejus-
1010 5114 1107 5163 nostro
1118 5105 1228 5170 Carolc,
1252 5114 1281 5162 et
1299 5106 1387 5161 beatas
1408 5107 1546 5163 memoriae
1559 5108 1682 5179 genitore
1694 5108 1808 5181 Pippioo

163 5198 227 5253 deur
235 5197 380 5270 dignitatis
392 5200 535 5270 patefacit:
558 5201 600 5257 «s
612 5203 742 5262 Romanis
754 5202 828 5260 euius
846 5204 899 5261 boe
911 5219 960 5260 no-
1009 5212 1084 5269 rcge,
1100 5206 1127 5255 et
1141 5214 1157 5254 a
1172 5197 1250 5255 nobis
1262 5207 1356 5269 postea
1369 5207 1494 5269 suscepta
1505 5209 1557 5266 est,
1569 5210 1599 5256 ut
1611 5215 1671 5257 eam
1683 5218 1743 5258 oum
1758 5202 1807 5257 Dei

163 5298 228 5343 taen
242 5296 271 5345 et
279 5289 441 5361 &quitatem
453 5293 660 5364 assumpsimus,
673 5295 744 5366 apud
752 5311 821 5367 quos
830 5296 959 5352 nimirum
1009 5291 1145 5362 adjutorio
1157 5293 1191 5348 ab
1203 5292 1328 5349 hostibus
1338 5290 1482 5349 defendere
1492 5292 1622 5359 nitamur,
1635 5303 1663 5350 et
1673 5292 1805 5364 justitiarii

164 5378 254 5448 primo
270 5386 355 5436 tantm
366 5381 474 5439 culmen
485 5383 659 5443 sublimitatis
679 5393 707 5440 ct
720 5385 909 5456 appellationis
920 5387 961 5445 ef·
1010 5401 1100 5453 suam,
1111 5395 1243 5457 quantum
1260 5386 1294 5441 arl
1308 5386 1381 5456 ipsos
1398 5387 1526 5456 pertinet,
1553 5394 1581 5441 et
1600 5386 1670 5441 ratio
1686 5385 1805 5455 postolo-

165 5467 251 5535 brisit,
265 5485 436 5543 quorumque
446 5484 554 5546 gentem
569 5486 598 5532 et
609 5477 704 5533 urbem
721 5477 851 5535 diuinitus
862 5480 960 5551 guber·
1012 5478 1090 5543 uerit,
1104 5477 1205 5533 babere
1221 5474 1353 5533 faciant.»
1380 5476 1446 5544 Quae
1461 5478 1573 5533 totidem
1583 5476 1641 5532 lere
1653 5477 1743 5533 uerbis
1753 5478 1807 5534 Lu-

165 5559 295 5628 modam
309 5572 338 5619 et
349 5572 465 5622 matrem
481 5569 601 5625 omnium
613 5568 795 5625 Ecclesiarum
808 5571 856 5627 Dei
867 5571 960 5628 defen-
1011 5571 1122 5629 doricus
1134 5568 1199 5625 Pius
1212 5570 1268 5625 suis
1292 5579 1321 5625 ιι
1344 5570 1401 5634 ipse
1414 5569 1625 5639 tiiiispriecopit.
1660 5569 1701 5625 Er
1717 5570 1807 5641 primo

164 5650 283 5705 deurbm
292 5662 373 5723 utque
380 5656 575 5714 sublimandam
588 5662 785 5730 suscepimus.»
807 5662 961 5733 Eaproptor
1011 5673 1101 5721 autem
1123 5663 1175 5718 boc
1189 5662 1278 5733 capito
1293 5662 1366 5718 aliud
1387 5663 1486 5733 pendet
1506 5662 1578 5732 quod
1594 5663 1728 5719 annulista
1742 5679 1807 5719 corr-

164 5739 325 5816 'flaegauum
335 5744 457 5818 aliosque
477 5747 610 5808 Carobrrto
637 5752 726 5810 rotatis
740 5754 886 5824 scriptores
907 5772 959 5813 ncn
1010 5757 1135 5832 jectando
1146 5755 1280 5812 extundit.
1306 5755 1371 5823 Qum
1384 5755 1475 5812 cornia
1497 5758 1623 5815 manibus
1639 5757 1706 5829 ipsis
1730 5764 1806 5813 teuc·
