4050 6192
161 318 212 375 hdr
655 311 744 366 tlbltt
763 309 935 366 canuntur.
954 340 989 349 -
1003 306 1270 363 sustentemur.
1738 318 1791 375 ont:

157 426 357 504 perseuerantis
370 439 431 479 csse
444 422 630 484 decernemus,
649 421 711 489 plus
731 420 804 474 enim
821 420 946 489 cupimus
960 425 982 478 A
996 417 1078 472 siensi
1091 417 1125 472 sb
1137 418 1231 473 iisdem
1245 420 1406 474 adversariis
1417 420 1551 482 habitoex
1573 422 1674 477 eisdem
1688 423 1792 498 Grego-

158 502 274 556 salutern
287 497 449 557 animarum,
458 503 486 547 et
495 500 576 545 reete
590 490 650 544 tldei
663 490 874 543 stabilimentum
885 503 947 542 uou-
999 488 1032 541 rii
1049 483 1257 556 papneprsurlrs
1270 498 1333 543 sunt
1354 488 1468 555 disjecta.
1492 491 1515 544 A
1548 496 1710 560 ueprtmurn
1744 513 1791 553 un-

159 581 279 630 scrrare,
291 578 372 634 quam
384 561 462 631 huius
469 562 599 615 ambitum
611 560 702 612 mundi
716 557 782 628 [At.
793 558 947 625 hujusmodi
997 557 1078 636 modo
1090 557 1238 612 adversarii
1255 559 1305 627 ipsi
1318 561 1409 613 eonati
1429 560 1483 614 sint
1500 568 1511 613 t
1562 572 1609 615 ere
1622 563 1710 618 sancti
1722 510 1790 622 are-

159 633 292 705 habitum]
349 633 483 687 sedere.»
499 630 549 684 llic
563 629 656 692 audis,
676 628 770 690 lector,
783 626 898 680 transire
920 626 947 679 in
997 626 1066 694 gorii
1075 627 1155 680 rerba
1169 627 1197 681 in
1213 628 1255 681 sui
1277 628 1460 682 defensionem
1474 630 1585 693 erroris,
1607 630 1791 701 locunrqueln

159 704 284 763 haeresim
347 702 457 756 tirratam
469 696 673 768 occupationem
680 694 781 775 jurium
789 695 948 750 sanctello-
997 694 1111 763 epistola
1124 696 1157 750 ad
1171 695 1581 767 Secundinunr,quoleriuntur,
1594 699 1706 755 insuam
1721 703 1791 771 ipso-

160 789 247 831 manse
267 770 404 833 secrete,
425 777 452 823 et
464 769 620 824 hereticum
642 779 702 819 esse
714 765 856 819 dicendum
871 773 898 819 et
919 771 948 816 ut
998 780 1058 818 rum
1072 765 1233 820 sententiam
1252 768 1423 835 detorquere,
1431 768 1494 839 audi
1514 770 1629 823 exactis
1644 770 1790 827 citataesu·

159 842 315 901 hereticum
330 838 571 900 condemnandum,
583 837 628 904 qui
648 835 676 890 in
690 832 842 902 hujusmodi
854 848 948 888 errore
1033 834 1089 888 rius
1098 836 1296 905 pseudosynodi
1308 836 1478 900 parisiensis,
1493 835 1572 905 errius
1584 840 1641 893 haee
1653 849 1717 894 sunt
1730 857 1790 895 rer·-

160 920 260 974 tentus,
282 910 400 964 monitus
422 923 475 961 non
490 904 600 975 corrigit
621 902 694 973 quod
707 902 832 971 deliquit.
847 901 901 957 Sed
914 903 948 956 de
996 848 1048 957 m:
1062 902 1175 1026 &Consti
1193 903 1282 958 Poris.
1294 905 1342 958 aud
1354 905 1465 970 ludos„
1480 922 1531 977 pag
1545 907 1619 978 tlt.)

160 980 282 1037 bisalias
314 978 426 1034 iuribus.
1035 991 1044 1022 ι
1083 971 1114 1028 cd
1131 974 1194 1041 quia
1217 973 1261 1027 hic
1284 975 1351 1029 ordo
1374 975 1517 1030 uerborum
1539 976 1787 1046 itatpraeposterus,

195 1049 251 1104 xt.
287 995 417 1101 Bistonio
446 1043 476 1099 S.
500 1042 571 1097 Petri
584 1041 702 1113 propero
723 1057 751 1094 re
770 1039 834 1094 'bus
848 1071 884 1083 -
905 1043 947 1098 Ad
997 1050 1081 1122 atque
1097 1057 1177 1096 anon
1191 1043 1402 1112 intelligentibus
1412 1044 1541 1100 contusus
1553 1046 1636 1102 rideri
1648 1056 1747 1116 potest,
1760 1058 1790 1104 nt

161 1127 327 1190 postremum
348 1131 411 1170 uero
433 1113 574 1182 adipsum
587 1111 713 1166 Carnium
781 1125 864 1180 gnum
885 1127 947 1168 con·
998 1127 1049 1165 nrsr
1062 1120 1141 1166 caute
1156 1113 1352 1176 consideretur,
1377 1114 1413 1167 ita
1427 1129 1443 1167 a
1456 1115 1592 1170 nonnullis
1608 1116 1789 1187 minuseapa·

160 1197 269 1246 uertens
288 1185 422 1241 Adrianus
449 1184 608 1244 orationem,
632 1179 826 1250 apologeticam
844 1180 946 1236 mandit
997 1181 1075 1235 cibus
1092 1180 1204 1251 intelligi
1213 1183 1310 1251 possit,
1323 1183 1401 1252 quasi
1413 1183 1509 1238 beatus
1520 1181 1667 1254 Gregorius
1679 1187 1705 1241 id
1717 1189 1789 1268 quod

160 1258 302 1328 epistolam
315 1256 374 1309 istis
385 1253 494 1307 serbis:
516 1271 525 1301 ι
541 1251 579 1305 be
591 1259 681 1304 restra
694 1264 758 1304 vero
772 1250 947 1317 prenestisst-
996 1253 1073 1319 prius
1092 1252 1218 1306 omnibus
1242 1251 1366 1307 illicitum
1395 1266 1455 1307 esse
1472 1254 1604 1322 predixit,
1622 1269 1651 1310 se
1679 1254 1786 1320 iecrsse,

161 1343 205 1381 ma
217 1342 234 1381 a
247 1326 302 1379 lieo
313 1331 432 1394 protecta
445 1321 603 1376 excellentia
617 1319 774 1375 orthodoxe
787 1318 847 1372 lldci
863 1321 947 1374 stabi·
997 1319 1102 1389 sibique
1124 1319 1239 1376 faciendi
1264 1321 1368 1376 licitum
1389 1335 1451 1376 esse
1470 1329 1604 1377 testetur:
1622 1324 1788 1394 quodquam

161 1397 237 1450 litate
251 1396 375 1449 roborata
397 1391 459 1446 ireti
473 1391 624 1453 existimus,
645 1390 710 1458 quia
733 1388 809 1442 radit
823 1387 882 1457 ejus
904 1392 947 1443 llr-
997 1387 1159 1452 absurdum,
1193 1396 1415 1458 namquecontra
1433 1390 1480 1444 liei
1493 1390 1620 1447 Ecclesiae
1630 1392 1787 1462 religionem

161 1465 291 1528 unissima,
316 1462 438 1532 apraris
459 1470 488 1514 ct
501 1459 653 1515 inhdelibus
676 1457 829 1512 hominibus
851 1473 948 1526 neque
997 1460 1031 1512 de
1045 1466 1120 1512 tanto
1132 1406 1316 1514 eee‘fesiastice
1340 1460 1450 1514 doctore
1470 1461 1571 1514 sentire
1591 1461 1729 1532 indignum
1741 1464 1786 1528 sit,

161 1549 242 1602 quarn
256 1533 409 1587 corrernnur
424 1530 465 1584 rel
477 1537 610 1592 moretur,
625 1528 672 1581 sed
685 1527 712 1580 in
724 1541 757 1579 ea
771 1541 851 1594 quam
865 1530 947 1596 erepit
997 1527 1088 1581 nullus
1099 1528 1145 1596 qni
1160 1527 1231 1582 dieta
1246 1529 1306 1598 ejus
1322 1528 1468 1583 scrutando
1478 1528 1639 1597 vellegendo
1651 1534 1787 1600 cognovit,

160 1613 241 1658 recte
267 1602 328 1656 lidei
352 1600 503 1655 traditionis
527 1598 677 1652 doctrinam
701 1594 849 1663 spiritualis
871 1594 944 1667 ιιι,
997 1597 1122 1663 ignorare
1132 1599 1307 1666 permittitur.
1316 1596 1383 1652 Nam
1396 1605 1426 1652 ut
1436 1597 1487 1652 sihi
1499 1598 1550 1667 ipsi
1564 1601 1788 1658 contrariusesse

160 1669 295 1741 specialis}
311 1671 475 1724 matrissuae
489 1676 589 1722 sanetae
600 1665 739 1719 catholice
752 1673 779 1718 et
792 1665 946 1733 apostolice
997 1667 1103 1727 debeat.
1115 1664 1219 1733 justitia
1234 1667 1274 1722 rel
1289 1668 1422 1722 rectitudo
1442 1668 1602 1723 sanciebat
1619 1669 1789 1741 maximeque

160 1740 289 1796 Romanae
305 1739 432 1795 Ecclesiae
445 1747 537 1793 tenere
549 1743 577 1790 et
599 1733 735 1802 amplecti,
759 1733 946 1814 incunctanter
963 1734 1128 1815 pilumnum
1149 1736 1275 1792 Ecclesiae
1296 1737 1430 1792 sustinere
1450 1752 1504 1791 non
1525 1737 1606 1793 valet.
1632 1738 1708 1805 Quod
1727 1742 1788 1796 etsi

159 1825 246 1879 usique
260 1810 287 1863 in
300 1809 427 1863 saeculum
441 1806 531 1863 secuti
544 1806 603 1860 sine
617 1804 825 1873 reprehensione
839 1817 948 1861 manere
998 1812 1142 1886 paupertas
1156 1805 1316 1875 insipientiae
1330 1814 1430 1861 nostrae
1440 1806 1466 1861 id
1479 1805 1627 1876 intelligere
1638 1825 1690 1863 rron
1705 1811 1787 1877 ualet,

160 1866 304 1934 credimus.
326 1878 358 1932 Et
372 1878 432 1931 ideo
444 1875 604 1932 corrddimus
615 1873 648 1926 dc
660 1873 707 1927 hei
722 1872 807 1926 nostri
817 1873 946 1942 potentia,
998 1874 1105 1938 meires,
1115 1884 1149 1929 ¹ut
1172 1885 1266 1930 contra
1280 1877 1471 1946 insipientiam,
1483 1889 1564 1944 quam
1576 1885 1670 1932 contra
1686 1888 1787 1933 tantam

160 1949 360 2017 quiaquantum
371 1963 435 2018 erga
447 1948 586 2001 beatorum
598 1941 748 2013 principum
764 1943 948 2010 apostolorum
998 1958 1014 1997 a
1029 1943 1183 1998 lieodatam
1198 1946 1357 2015 sapientiam
1380 1945 1520 2012 insurgere
1526 1956 1680 2015 praesumat.
1695 1947 1787 2004 Sedet

161 2017 232 2073 Petri
245 2025 273 2072 et
286 2015 361 2070 Pauli
382 2016 529 2070 Ecclesiam
552 2012 631 2067 lidcm
652 2012 757 2082 geritis,
780 2021 808 2065 et
827 2026 947 2066 aurorem
998 2013 1021 2067 si
1042 2014 1129 2083 ipsum
1141 2016 1275 2069 modicum
1290 2029 1398 2069 sensum
1409 2022 1531 2068 nostrum
1543 2016 1629 2070 virtus
1639 2018 1788 2077 misericor·

159 2099 266 2157 semper
279 2101 329 2158 pro
341 2084 400 2153 ejus
413 2084 534 2156 proiectu
547 2091 575 2138 et
585 2081 758 2144 exaltatione,
774 2082 857 2150 regali
875 2082 946 2149 nisu,
998 2084 1050 2136 dire
1063 2083 1109 2138 Dei
1127 2082 1322 2153 aliquantulum
1350 2083 1501 2138 illuminare
1515 2084 1787 2155 dignatur,quomodo

159 2157 258 2224 ubique
272 2163 416 2219 certantes,
430 2151 599 2210 habueritis:
616 2158 691 2205 tanto
704 2150 807 2205 brachii
828 2150 871 2206 sui
883 2165 947 2220 pru·
998 2151 1025 2206 id
1038 2152 1124 2221 ipsum
1144 2156 1310 2209 contrarium
1330 2153 1381 2208 sihi
1404 2154 1517 2217 nonsit,
1539 2155 1665 2210 laeillime
1689 2157 1787 2212 intelli·

159 2225 242 2295 pitius
254 2226 281 2281 in
295 2224 430 2297 regalibus
451 2222 593 2291 triumphis
614 2221 649 2274 ab
662 2220 781 2275 adversis
799 2226 827 2275 ιι
847 2219 948 2289 iniquis
997 2230 1086 2291 geter.

161 2295 374 2350 hominibusros
387 2292 568 2348 delendereet
587 2290 781 2358 circumtegere
794 2290 948 2360 dignabitur
1034 2291 1123 2346 lttttt.
1141 2291 1232 2346 sliam
1253 2292 1317 2363 quia
1336 2292 1370 2346 ab
1389 2290 1534 2360 imaginum
1558 2292 1713 2349 adoratione
1739 2295 1787 2350 ad-

160 2363 226 2436 [Al.,
240 2363 375 2435 dignetur]
389 2379 396 2415 ε
411 2371 441 2417 ιιι
454 2377 506 2416 una
527 2374 589 2415 cum
611 2359 744 2428 spirituali
766 2359 822 2414 lilia
842 2369 945 2426 nostra,
996 2369 1107 2417 orantes
1118 2364 1322 2432 compescuerit,
1339 2361 1412 2415 nulla
1426 2360 1558 2417 dubitatio
1570 2371 1622 2430 est;
1635 2366 1661 2418 in
1677 2381 1710 2420 eo
1722 2381 1787 2422 reru

160 2433 267 2488 domina
282 2434 383 2504 regina,
399 2441 541 2501 uestraque
552 2430 680 2499 precelsa
694 2429 858 2484 nobilissima
870 2432 947 2497 prole
997 2433 1068 2499 quud
1081 2433 1114 2486 ad
1124 2430 1306 2486 Secundinum
1319 2432 1444 2501 scripsit:
1458 2428 1512 2485 Nos
1522 2433 1628 2499 quidem
1640 2450 1694 2490 nnn
1728 2437 1785 2491 nasi

160 2502 273 2572 longiori
288 2518 345 2559 :cro
359 2501 386 2556 irr
399 2502 450 2557 hoc
463 2507 605 2570 regnantes
617 2500 725 2564 mundo,
741 2499 768 2553 in
783 2500 875 2554 tuturo
887 2500 947 2556 sine
996 2507 1060 2555 ante
1067 2501 1249 2566 Divinitatenr,
1263 2510 1325 2556 ante
1338 2502 1422 2571 ipsam
1435 2502 1640 2568 prosternimur,
1653 2506 1699 2560 sed
1708 2450 1786 2560 (iilum

160 2571 213 2626 line
223 2572 305 2627 ritant
319 2587 380 2627 cum
394 2587 476 2642 regno
487 2571 514 2626 in
529 2583 592 2624 aree
602 2569 654 2638 poli
666 2570 766 2624 habere
778 2570 944 2625 mereamini.
997 2567 1151 2636 adoramus,
1173 2585 1253 2640 quem
1272 2586 1321 2642 per
1344 2569 1498 2637 imaginem,
1513 2578 1604 2626 natum
1616 2582 1662 2628 aut
1675 2589 1785 2643 passum

159 2641 321 2697 ineolumem
328 2641 514 2698 excedentium
528 2648 644 2694 vestram
659 2640 744 2708 gratia
761 2653 877 2708 superna
896 2656 945 2694 cu·
997 2641 1038 2694 rel
1048 2642 1075 2695 in
1085 2643 1183 2696 tlrruno
1196 2642 1333 2697 sedentem
1344 2641 1527 2695 recordamur.
1544 2640 1603 2702 Ubi,
1618 2651 1649 2697 ut
1659 2647 1786 2765 Knemis-

161 2713 269 2767 modat.
281 2733 290 2765 r
302 2712 351 2767 llic
364 2712 424 2766 linis
434 2710 563 2780 epistolae,
579 2725 611 2763 ex
624 2724 677 2777 qua
691 2709 762 2762 ridet
772 2709 894 2778 quisquis
906 2710 946 2764 le-
996 2724 1056 2764 sum
1076 2719 1127 2774 est,
1144 2727 1176 2766 ae
1202 2712 1224 2766 si
1247 2712 1299 2766 sibi
1314 2710 1449 2767 contraria
1473 2710 1581 2774 dixerit,
1603 2711 1659 2766 inte
1679 2715 1785 2782 igentim

159 2781 208 2850 git,
217 2797 297 2850 quarn
308 2790 469 2837 evanescant
479 2781 608 2850 pudendae
620 2779 834 2832 universaliorum
844 2779 946 2834 calum·
996 2787 1095 2836 nostrae
1107 2797 1136 2837 se
1148 2781 1234 2851 caligo
1246 2781 1395 2837 contundit.
1410 2779 1463 2835 Sed
1487 2795 1521 2835 ne
1534 2794 1583 2834 nos
1595 2795 1649 2837 non
1663 2798 1786 2838 neeessa-

159 2852 212 2906 uite
232 2852 265 2905 de
285 2851 403 2906 Adriano
425 2851 460 2904 ah
483 2848 645 2904 aduersariis
666 2848 772 2915 procaci
790 2849 861 2919 stylo
880 2865 946 2905 corr·
996 2851 1037 2904 ria
1052 2850 1203 2919 ignorantia
1215 2852 1242 2906 id
1256 2866 1309 2906 nnn
1333 2850 1515 2918 intelligendo,
1536 2851 1637 2906 diutius
1649 2860 1783 2922 torqueam

160 2921 276 2990 scripte,
286 2923 357 2990 quod
370 2921 427 2990 ipse
436 2922 564 2975 adsersus
577 2917 718 2986 septimam
731 2925 872 2988 synodum,
883 2934 945 2988 per-
996 2935 1091 2976 sensus
1103 2920 1223 2991 ejusdcm
1233 2921 1372 2977 sententie
1382 2920 1444 2973 talis
1462 2927 1504 2974 est
1515 2918 1587 2975 :Nes
1599 2922 1705 2990 quidem
1722 2930 1786 2978 unte

160 2998 249 3044 metus
261 2991 422 3045 auctoritate
436 2990 465 3044 S.
479 2989 500 3043 G
567 2989 610 3051 rii,
625 2988 650 3041 ei
668 2988 840 3042 consentiens
853 2994 944 3044 calca-
996 2990 1081 3059 ipsam
1094 3007 1146 3045 non
1160 2992 1365 3060 prosternimur,
1377 2989 1452 3058 quasi
1468 2997 1530 3044 ante
1543 2990 1724 3058 Divinitatcm,
1738 2992 1784 3047 scd

161 3059 214 3114 lum
225 3059 326 3125 tulerit,
338 3075 399 3115 curn
411 3059 526 3128 potiusa
555 3057 736 3112 defensionem
749 3057 867 3124 eiusdem
881 3074 944 3130 syn·
996 3060 1071 3113 illurn
1094 3063 1246 3125 adoramus,
1273 3068 1325 3114 ete.
1340 3058 1416 3126 Quod
1434 3057 1487 3112 tale
1514 3067 1554 3114 est
1569 3074 1600 3115 ac
1625 3064 1647 3116 si
1671 3063 1727 3131 regi
1757 3063 1784 3116 in

159 3130 203 3183 odi
219 3130 303 3198 ipsius
319 3131 348 3184 S.
361 3130 413 3184 Gre
430 3130 481 3182 orii
496 3127 658 3182 testimoniis
670 3141 735 3180 usus
749 3127 839 3182 luerit.
958 3111 981 3173 C
1000 3130 1099 3184 throno
1112 3132 1215 3185 sedenti
1229 3130 1322 3186 dicas:
1337 3130 1391 3184 llos
1403 3128 1521 3198 quidem,
1535 3144 1552 3184 u
1565 3145 1622 3194 ren,
1642 3147 1695 3187 non
1708 3132 1785 3201 quusi

196 3199 262 3252 ιιι.
289 3200 384 3270 Aliquo
405 3145 556 3252 ιῗιιιιιιιιιιιι
579 3197 712 3250 Adrianus
735 3214 814 3267 popo.
838 3197 947 3253 —Sed
998 3206 1062 3254 ante
1084 3200 1267 3265 liirinitatmn,
1292 3207 1355 3255 ante
1379 3207 1405 3252 te
1419 3199 1624 3281 prosternimur,
1651 3201 1785 3256 sedilium

159 3269 231 3336 quod
251 3270 301 3323 hac
318 3284 365 3322 sua
379 3269 553 3337 responsione
570 3266 704 3320 Adrianus
719 3266 830 3322 minime
851 3269 949 3339 tetige-
997 3271 1150 3334 atteramus,
1165 3286 1243 3338 quern
1259 3285 1308 3339 per
1324 3270 1465 3337 irrragirrenr
1480 3275 1564 3335 tuam,
1578 3284 1640 3338 qma
1650 3271 1730 3327 homo
1744 3286 1784 3336 es,

160 3341 195 3391 rit
215 3353 247 3392 ea
262 3340 350 3394 Garuli
371 3342 453 3394 rerba
469 3338 566 3405 quibus
578 3336 699 3390 dixerat:
717 3354 725 3385 r
743 3336 864 3393 Adorare
883 3354 947 3395 reru
997 3339 1138 3394 Dominum
1148 3338 1238 3394 lesum
1254 3340 1390 3395 Ghristurn
1402 3337 1536 3392 hominem
1552 3339 1725 3395 recordemur
1736 3355 1786 3394 na-

159 3421 206 3461 eas
229 3423 397 3478 nequaquam
424 3408 544 3477 cogimus
569 3405 616 3474 qui
639 3405 800 3471 noluerint»
828 3410 897 3464 ratio
920 3409 947 3464 id
997 3417 1055 3463 tunr
1076 3416 1122 3463 aut
1137 3425 1256 3478 possum,
1274 3410 1315 3463 rel
1328 3411 1354 3463 in
1369 3408 1466 3461 throno
1479 3408 1615 3462 sedentem
1637 3409 1785 3480 crrjuslmi·

160 3481 289 3547 temperis
312 3479 464 3548 postulabat
489 3493 522 3530 ue
557 3476 677 3544 cogendo
703 3476 819 3531 schisma
839 3479 947 3548 aliquod
998 3487 1071 3532 tator
1080 3495 1110 3533 es
1129 3488 1157 3532 trr
1168 3482 1264 3533 sedens
1276 3479 1303 3532 in
1317 3480 1424 3532 throno.
1437 3475 1563 3545 quuid
1574 3478 1619 3532 tali
1634 3478 1706 3534 dicto
1721 3494 1785 3535 mox

159 3549 333 3612 contlaretur,
356 3564 416 3602 cunr
436 3557 466 3601 ut
481 3547 597 3600 ridinrus
615 3544 674 3613 rius
697 3547 837 3601 sententie
857 3554 948 3604 essent
996 3562 1165 3616 consequens
1175 3557 1215 3602 est
1228 3556 1258 3601 ut
1271 3549 1393 3602 eumdem
1403 3560 1495 3615 regern
1512 3547 1626 3602 adorare
1639 3549 1785 3619 compellar

158 3618 210 3671 riri
223 3619 268 3687 qui
280 3620 391 3672 scicntia
403 3619 430 3672 in
446 3618 496 3671 hoe
508 3617 566 3670 ruri
578 3616 675 3671 saeeulo
699 3614 818 3670 eminere
828 3617 948 3674 rideren-
996 3615 1134 3672 sedentem
1145 3617 1172 3670 in
1183 3618 1298 3671 throno?
1308 3617 1346 3670 lta
1363 3629 1412 3670 nec
1425 3615 1453 3668 iu
1470 3631 1502 3671 eo
1515 3617 1587 3684 quod
1601 3617 1699 3674 dicitur
1711 3632 1719 3672 ι
1731 3618 1785 3673 hos

160 3693 218 3740 tur:
227 3688 333 3743 ridebat
343 3689 413 3742 euim
426 3685 650 3756 prudentissimus
662 3683 781 3753 pontifex
791 3685 817 3741 id
829 3689 901 3755 quod
913 3705 946 3743 ex
997 3686 1104 3755 quidem
1118 3701 1171 3740 non
1183 3686 1259 3755 quasi
1274 3695 1336 3740 ante
1351 3685 1523 3739 bisintinum
1537 3694 1600 3742 aute
1613 3688 1696 3757 ipsum
1721 3704 1784 3758 pru·

159 3755 302 3812 Anastasio
312 3757 485 3812 recitarirnns
496 3757 521 3809 in
533 3755 646 3824 epistola
653 3757 686 3808 ad
697 3751 826 3809 loannem
838 3771 945 3827 papam,
997 3756 1153 3822 sternimur,
1168 3759 1214 3811 scd
1225 3756 1299 3810 illurn
1310 3756 1462 3817 ador-amus,
1479 3763 1532 3809 ete.

158 3838 215 3889 eos,
237 3828 378 3897 dequibus
390 3828 534 3889 scribebat,
549 3828 667 3881 nondum
681 3824 804 3880 veritatis
814 3826 873 3895 ejus
888 3841 947 3883 esse
1035 3825 1094 3881 «Ad
1115 3826 1260 3896 imaginum
1274 3824 1457 3880 adorationem
1474 3824 1628 3889 imitamur,
1653 3827 1714 3896 quia
1729 3827 1783 3882 sie-

158 3911 281 3964 capaces.
308 3898 405 3951 ilerum
430 3897 486 3965 ipse
505 3895 639 3949 Adrianus
654 3892 764 3962 oblique
791 3899 872 3952 rerba
901 3899 946 3954 illa
996 3905 1027 3950 ut
1045 3896 1073 3950 in
1090 3895 1182 3949 multis
1194 3894 1290 3950 divinar
1304 3894 1472 3949 auctoritatis
1483 3893 1663 3949 solaminibus
1673 3904 1782 3952 senten-

159 3966 339 4033 reprehendit,
360 3966 423 4019 dum
442 3965 531 4020 laudat
551 3965 580 4018 S.
602 3963 725 4034 Gregorii
743 3978 819 4034 pepe
837 3977 947 4023 senten·
997 3967 1049 4021 tias
1061 3965 1478 4034 ordinererborumprmpcstero
1494 3965 1780 4034 scriptasinrenimus‚

158 4034 235 4099 tiam,
249 4051 282 4090 ex
299 4051 351 4105 qua
369 4036 542 4103 colligeretur
557 4035 686 4103 imagines
698 4036 806 4102 quidem
819 4052 872 4091 non
886 4053 947 4094 esse
996 4037 1034 4091 ita
1072 4050 1160 4104 unque
1183 4035 1281 4089 laetum
1293 4049 1362 4098 esse,
1384 4049 1417 4089 eo
1432 4048 1512 4088 sensu
1534 4041 1565 4088 nt
1588 4036 1782 4104 supradictum

157 4103 317 4167 adorandas,
334 4106 410 4175 quasi
423 4108 522 4160 eaedem
539 4104 676 4159 essentuii
692 4106 811 4172 quiriani,
824 4108 870 4162 scd
887 4117 946 4162 tan·
995 4051 1224 4171 rethoricum
1248 4104 1359 4160 minime
1382 4103 1544 4159 dubitamus.
1563 4103 1629 4159 Cum
1651 4105 1721 4160 enirn
1744 4106 1780 4161 ibi

158 4181 215 4227 tum
230 4187 289 4231 etse
302 4175 470 4230 venerandas
480 4176 515 4230 ob
530 4175 686 4228 relationem
704 4189 784 4242 quam
798 4176 899 4233 hubent
911 4180 945 4233 ad
995 4178 1125 4246 scriptum
1147 4175 1200 4229 sit:
1214 4174 1269 4230 Nos
1291 4173 1399 4243 quidem
1417 4189 1470 4229 non
1487 4175 1562 4244 quasi
1575 4184 1638 4229 ante
1650 4174 1782 4229 liirinita-

158 4243 294 4298 Christum
319 4254 346 4300 et
362 4251 479 4308 sanictos,
502 4260 569 4314 quos
580 4243 667 4314 elligie
687 4255 889 4312 representaret.
913 4249 946 4303 Et
997 4256 1060 4312 tenr,
1074 4253 1136 4301 ante
1149 4246 1234 4315 ipsam
1247 4244 1439 4314 proternimur.
1463 4243 1529 4310 Quis
1548 4260 1601 4299 non
1615 4233 1783 4299 animadve?-

158 4312 219 4367 ideo
239 4324 317 4370 caute
333 4315 467 4368 Adrianus
479 4330 532 4370 non
551 4313 821 4382 hermoniimque
844 4317 945 4372 baben·
996 4316 1086 4380 tat,'id
1099 4316 1185 4385 ipsum
1199 4313 1284 4384 magis
1297 4312 1447 4376 refutando,
1460 4328 1540 4396 quam
1563 4314 1727 4385 impemndo,
1741 4315 1782 4369 rel

158 4391 203 4437 tur
216 4382 244 4437 in
260 4385 353 4440 ultimo
365 4384 483 4453 capitulo
505 4383 624 4454 epistolae
641 4383 740 4447 Garuli,
750 4387 797 4439 sed
810 4401 841 4439 eu
857 4387 943 4442 sulum
996 4389 1132 4441 adorando
1144 4384 1265 4440 eamdem
1275 4384 1458 4439 adorationem
1470 4384 1616 4455 imaginum
1629 4386 1729 4440 dictum
1740 4400 1782 4438 es·

156 4468 217 4522 que
229 4455 364 4521 pertinent
379 4458 582 4511 adsenterrtiam
598 4453 627 4507 S.
639 4452 772 4520 Gregorii,
783 4470 863 4523 quarn
877 4457 946 4511 rcci-
959 4455 983 4515 n
995 4472 1035 4519 se,
1049 4458 1086 4510 ita
1100 4463 1128 4509 ut
1139 4456 1239 4510 dictum
1250 4463 1292 4509 est
1304 4454 1315 4508 l
1327 4452 1433 4519 Quanto
1447 4454 1532 4524 magis
1545 4453 1626 4525 (sieut
1644 4469 1725 4523 supra
1738 4454 1780 4507 sa-

157 4524 183 4593 pi
197 4529 253 4575 turn
265 4539 280 4578 a
293 4524 389 4579 Garolo
399 4531 454 4577 tunr
471 4527 505 4580 ab
519 4523 727 4592 adversariislut
736 4528 942 4599 protitebarrlur)

158 4590 253 4662 synodi
277 4593 391 4649 Nicaeum
410 4594 540 4650 ridebat:
558 4597 597 4650 sic
622 4595 694 4649 enim
718 4593 836 4662 loquitur
849 4597 945 4651 Adria-

157 4676 226 4718 uus:
239 4681 248 4711 ι
261 4663 293 4717 Ει
304 4662 404 4720 idcirco
425 4679 487 4719 eum
501 4665 668 4734 agnorimns,
682 4672 803 4720 restrma
822 4666 877 4720 lieo
886 4681 944 4720 ser-

157 4742 226 4786 rare
249 4734 460 4802 orthodoxaeque
492 4734 590 4804 regalis
608 4732 774 4790 excellentie
796 4751 856 4790 esse
880 4751 944 4805 pro·

157 4804 256 4872 prium,
270 4804 297 4857 in
318 4819 351 4859 eo
374 4804 419 4858 ubi
434 4813 513 4859 rectae
531 4805 591 4860 lldei
607 4805 684 4874 plene
695 4806 803 4873 penitus
819 4807 942 4860 conl'essa

156 4883 329 4936 iettensem
355 4873 551 4928 sanctissimum
576 4875 696 4943 Gregorii
722 4876 824 4943 sequi.»
849 4876 942 4930 b'isnm

156 4951 199 4997 est
209 4951 297 4996 autcnr
310 4959 416 4998 surrrruo
429 4945 548 5013 porrtrlici
564 4946 598 5000 ud
613 4954 718 5013 tempus
733 4946 901 5000 dissiunrlarc
914 4946 941 5001 in

156 5029 201 5076 co,
214 5022 245 5065 ut
268 5013 349 5067 iidem
372 5029 426 5069 uorr
447 5022 608 5083 cogerentur
629 5029 721 5069 sacras
732 5013 863 5083 imagines
875 5031 942 5083 quas

156 5081 257 5138 habere
265 5084 383 5139 solerent
403 5085 524 5148 adorare,
539 5100 572 5140 eo
589 5085 660 5155 quod
677 5083 716 5138 sic
730 5093 852 5140 errantes
871 5100 942 5140 non·

155 5150 220 5206 duur
232 5151 303 5207 inter
317 5153 458 5209 hereticos
475 5163 553 5209 emnt
578 5155 747 5210 annumerati
760 5154 830 5209 sicut
855 5155 946 5211 icono-

155 5223 259 5286 clastae,
277 5224 325 5278 scd
337 5222 521 5280 tolerabantur
543 5226 660 5294 qnandiu
678 5224 775 5279 diripe
796 5226 889 5294 gratiae
901 5225 945 5280 lu·

155 5293 229 5348 mine
238 5293 447 5360 illustrarentur,
460 5298 531 5363 quod
547 5304 640 5367 postea
656 5295 819 5349 factumest.

192 5361 271 5417 xttt.
297 5361 412 5419 frustra
432 5364 552 5420 laborent
575 5365 718 5419 aduersarii
747 5380 778 5418 ne
803 5363 855 5419 Gre
872 5366 944 5420 orius

154 5433 278 5505 probetur
287 5433 413 5489 meretur
434 5451 569 5490 antrorum
581 5436 734 5504 inrupissent.
746 5464 781 5476 ·-
793 5382 944 5490 modium

155 5505 239 5573 igitur
257 5503 290 5558 iis
300 5519 361 5575 quae
372 5506 407 5558 ab
420 5505 580 5560 aduersariis
601 5505 629 5559 ιιι
640 5504 733 5558 eodem
749 5504 818 5559 lihro
836 5505 945 5586 Gapitu·

155 5575 207 5631 lari
227 5590 261 5630 ex
285 5572 409 5645 Gregorii
432 5589 508 5645 pape
531 5575 638 5643 scriptis
659 5572 841 5641 objicerentur
859 5577 946 5630 erdem

155 5645 456 5716 Arlrianupontisrei,ad
466 5661 497 5700 ea
514 5643 592 5701 ruodo
602 5643 947 5714 transcurrdumqnelonge

156 5725 215 5790 pest
231 5714 350 5787 ejusdem
362 5717 499 5789 imnum
518 5717 619 5771 obitum
633 5714 660 5768 in
676 5715 853 5771 eorrciliuhulo
870 5714 946 5770 Pari·

996 4535 1071 4580 ctum
1084 4523 1190 4597 [lutum]
1203 4523 1256 4594 est)
1278 4524 1345 4578 ordo
1363 4524 1505 4579 uerborum
1520 4539 1569 4579 suo
1583 4525 1740 4579 restituatur
1753 4523 1780 4577 in

995 4596 1217 4657 ordiuc,ornnem
1240 4607 1427 4662 quemcunque
1447 4593 1483 4648 nb
1501 4594 1610 4648 nimiam
1627 4594 1783 4664 simplicita-

997 4676 1050 4720 tcrn
1064 4673 1210 4729 errantem,
1223 4664 1250 4717 iu
1261 4678 1294 4718 eo
1307 4664 1377 4732 quod
1390 4665 1498 4718 beatum
1513 4672 1613 4719 sanctae
1630 4663 1676 4718 bet
1690 4663 1783 4719 Eccle-

995 4736 1043 4791 sie
1055 4735 1191 4790 doctorem
1203 4733 1343 4788 aduersum
1356 4748 1385 4788 se
1397 4734 1482 4802 ipsum
1495 4733 1610 4789 sensisse
1620 4734 1780 4798 estimabat,

995 4804 1131 4876 corrigere
1141 4805 1262 4885 poterit?
1273 4803 1384 4872 lnsuper
1397 4807 1477 4857 ettam
1489 4819 1510 4858 ιι
1523 4817 1683 4872 quemquam
1698 4803 1783 4857 subti-

995 4876 1047 4930 lius
1065 4874 1255 4942 irrttllrgcnteur
1271 4874 1323 4928 hue
1338 4873 1514 4941 negligentius
1537 4872 1659 4927 rrriuusre
1678 4871 1781 4926 intente

995 4947 1083 5014 legero
1094 4945 1259 5066 coutipisset,
1274 4942 1399 4997 lucillinre
1410 4958 1438 4996 se
1451 4942 1537 5010 ipsum
1550 4938 1721 5009 dijudicante,
1732 4956 1782 4995 cur

994 5016 1139 5085 aliquando
1152 5029 1168 5066 a
1180 5015 1231 5068 iter
1241 5013 1365 5077 senserit,
1375 5011 1410 5066 ad
1422 5011 1541 5066 sobrium
1563 5010 1727 5065 intellectum
1738 5023 1782 5064 re·

995 5100 1092 5141 rocurc
1139 5083 1211 5137 terit.

1033 5154 1090 5208 xtl
1117 5192 1124 5206 .
1142 5173 1151 5204 ι
1174 5152 1203 5207 Si
1217 5153 1276 5221 quis
1288 5159 1377 5206 autem
1399 5149 1482 5221 (quod
1504 5149 1611 5219 quidem
1627 5164 1641 5203 a
1660 5161 1725 5203 sane
1737 5162 1780 5202 sa·

997 5223 1135 5294 pientibrrs
1155 5225 1281 5278 omnibus
1306 5218 1387 5292 absit)
1414 5221 1500 5290 rrragis
1521 5235 1599 5274 sumu
1617 5233 1725 5273 sensum
1739 5232 1782 5298 se·

997 5294 1114 5363 quenda,
1131 5290 1205 5347 illum
1222 5292 1337 5347 soluerit
1350 5292 1538 5355 condemnare,
1552 5304 1633 5358 quarn
1654 5304 1683 5343 se
1696 5302 1782 5342 corru-

996 5379 1070 5435 gerc,
1090 5361 1154 5417 nulli
1169 5362 1279 5416 dubium
1289 5364 1354 5430 quin
1366 5360 1401 5416 ab
1413 5360 1546 5424 universa,
1562 5358 1678 5413 unanime
1691 5366 1781 5438 tamen

997 5450 1012 5488 a
1030 5442 1122 5488 saneta
1138 5431 1186 5486 Dei
1207 5431 1327 5487 ιιιιιιιιιι
1347 5429 1467 5486 Ecclesia
1485 5429 1580 5484 debeat
1597 5428 1780 5483 condemnari.

997 5502 1169 5573 Nequaquam
1182 5502 1254 5556 enim
1279 5501 1338 5556 lieri
1356 5507 1444 5572 potest
1464 5507 1494 5553 ut
1513 5499 1555 5562 lue
1570 5498 1628 5553 due
1642 5495 1782 5552 sententies

998 5575 1106 5628 sibimet
1117 5573 1261 5628 contrarie
1276 5588 1330 5626 non
1344 5570 1470 5635 esistunt,
1489 5584 1543 5623 unu
1573 5583 1607 5621 na
1621 5567 1734 5637 populus
1747 5564 1782 5621 th

998 5644 1155 5697 adoratione
1175 5643 1330 5711 irrragirrum,
1349 5640 1528 5704 nutriminis,
1547 5584 1573 5693 ia
1589 5638 1702 5707 agendo,
1721 5650 1782 5690 reus

999 5721 1143 5783 appmreat,
1171 5713 1360 5782 prohibentem
1384 5709 1468 5764 alteru
1493 5725 1557 5765 reru
1579 5725 1639 5779 quse
1656 5706 1730 5763 illum
1753 5699 1782 5760 ιιι
