4050 6192
169 303 237 363 lttl
765 292 890 351 SEC'HO
905 287 950 348 ill.
970 321 1005 334 -
1024 287 1181 345 scutica.
1729 285 1801 342 ttts

172 419 274 473 Lumen
292 406 468 480 apostolicum
484 397 585 462 crudeli
600 400 695 460 iuuere
707 400 794 473 plagas
972 422 996 481 Α
1009 398 1181 480 landunum
1192 395 1346 479 etrelerem
1359 406 1528 456 recreantem
1540 412 1607 456 rone
1619 397 1764 470 loquelam

171 480 338 543 occubuisse
349 476 424 541 loris,
443 491 506 531 nam
516 488 629 544 serpem
638 487 726 529 maus
738 481 766 527 et
779 480 868 535 atrox,
1010 468 1070 524 nex
1082 482 1144 537 prus
1158 474 1262 523 interca
1273 466 1390 537 gelidum
1402 469 1587 541 transnavigat
1596 483 1703 525 motem

173 555 226 624 Qui
242 551 311 606 solet
319 548 460 604 unanimes
469 544 540 600 bello
549 545 718 599 committere
728 541 836 607 lrassres,
910 563 914 568 ’
1010 538 1226 618 Paridspuinosi
1237 550 1448 618 superansvaga
1464 539 1662 595 ceruhllbeni

173 621 284 680 &mina
299 613 533 690 pestifcrijactare
543 614 664 670 nocenda
679 612 774 666 venem
1010 608 1136 663 armatas
1150 621 1223 662 acies
1236 615 1307 661 inter
1318 621 1476 689 primosque
1488 617 1616 665 coruscat

174 691 267 750 Suasit
281 689 309 743 iu
323 687 469 743 innocuum
481 684 591 739 means
602 682 738 737 motibus
746 693 842 750 omnes
1010 676 1119 732 Arduus
1129 691 1205 732 arma
1216 685 1318 740 nuens,
1336 686 1474 746 equitatus
1485 678 1588 734 vertice
1602 685 1659 735 toto

174 761 287 821 sevire,
301 764 330 813 et
341 754 455 812 famulos
467 752 606 808 mininam
617 749 753 806 mucidare
763 758 910 820 potentem.
1011 747 1165 815 Exsuperat
1179 745 1304 809 matites,
1318 744 1454 818 lulgemcs
1462 762 1517 802 mre
1527 755 1644 803 mimia

174 831 239 887 [lira
250 826 349 883 animis
360 825 454 895 illapsa
467 823 525 877 lues
537 832 565 877 et
580 821 705 876 smsibus
718 821 810 883 inarsit,
1015 814 1139 885 Undique
1148 813 1424 896 coiiectaeproporaut
1438 822 1521 884 atque
1530 814 1763 897 agminajungunt

176 901 258 956 virus
268 894 425 968 pestiferum
438 892 562 961 concepit
572 899 669 961 pectus
681 889 818 952 anbelum,
1012 885 1081 940 Cum
1094 885 1203 938 lrcmttu
1215 899 1302 950 rano,
1320 898 1381 940 sese
1394 895 1422 940 et
1435 894 1526 955 stupet
1538 887 1624 941 inscia
1639 885 1728 953 tellus,

174 968 290 1025 Insidias
299 980 415 1035 posuere
426 963 486 1018 uiro
498 959 812 1086 mortcmtsseparabant
955 991 961 1004 .
1012 954 1134 1016 loricas,
1151 967 1242 1019 cases,
1256 954 1357 1024 galeas,
1377 961 1418 1010 tot
1431 964 1510 1011 scuta
1523 955 1643 1011 tironum
1683 1026 1690 1038 θ

173 1037 288 1102 inmoti,
301 1035 460 1103 tristemque
470 1046 565 1087 necem
578 1030 622 1101 pte
667 1044 748 1098 impia
762 1027 823 1082 telis
1012 1023 1053 1079 tte
1062 1037 1194 1078 concussa
1206 1022 1329 1079 tremeat
1344 1025 1395 1080 sub
1408 1032 1482 1080 tanto
1494 1026 1614 1096 pondere
1627 1023 1702 1080 terri.

174 1106 317 1165 Pastorem
328 1104 354 1159 in
368 1103 506 1175 proprium
518 1098 755 1169 sesequearmauit
764 1096 873 1165 iniquis.
1013 1093 1114 1149 Vastus
1124 1092 1159 1147 ad
1172 1100 1246 1147 astra
1257 1090 1384 1162 irequens
1399 1095 1556 1151 conscendit
1568 1095 1682 1161 damur,
1696 1103 1725 1152 et
1736 1097 1805 1152 edan

176 1179 247 1235 bum
257 1175 364 1231 silitum
378 1173 520 1228 transisset
529 1171 581 1225 iter
597 1170 652 1224 Leo
671 1183 738 1237 papa
750 1167 767 1221 b
778 1168 885 1236 nignus
1015 1163 1138 1234 liupibus
1150 1177 1166 1216 e
1178 1162 1275 1232 gelidis
1285 1177 1385 1220 saxoso
1397 1180 1413 1218 a
1427 1172 1520 1220 monte
1534 1164 1657 1223 resultat.

177 1249 211 1304 Et
222 1261 299 1302 sacra
313 1241 442 1298 Laurenti
459 1247 562 1310 peteret
574 1239 641 1308 pede
652 1238 744 1291 limina
762 1237 859 1298 sancti,
1015 1233 1064 1289 Est
1074 1233 1149 1287 locus
1162 1231 1275 1303 insignis
1288 1248 1342 1302 quo
1355 1234 1435 1289 Patra
1450 1244 1478 1290 et
1487 1233 1570 1306 Lippa
1581 1235 1722 1299 fluentant,

177 1318 259 1373 Plebs
278 1315 389 1369 demcm
408 1309 576 1382 populusque
589 1307 716 1363 vecthros
728 1319 741 1346 ⁸
752 1306 823 1360 mala
844 1321 910 1360 eina
921 1306 966 1371 ju·
1015 1304 1093 1357 Altus
1103 1311 1130 1357 ct
1144 1301 1171 1355 in
1185 1305 1257 1358 nudo
1272 1304 1447 1374 campojacet
1458 1307 1577 1375 undique
1588 1305 1664 1377 largo

823 1376 931 1449 [tentus
1017 1372 1243 1440 Vestitusspatio,
1257 1371 1553 1430 celsodecollcvideri

176 1454 306 1510 Fastibus
314 1458 342 1505 et
356 1449 451 1521 gladiis
463 1447 571 1503 nudatis
587 1447 696 1503 ensibus
710 1445 800 1502 omnis
873 1493 876 1502 .
1017 1441 1138 1512 Namque
1153 1451 1243 1511 potest
1253 1442 1323 1513 legio
1332 1445 1430 1510 omnis,
1446 1453 1473 1499 et
1483 1444 1545 1501 binc
1559 1443 1695 1500 exereitus
1704 1442 1805 1510 omnis,

176 1525 260 1581 irruit
271 1525 297 1577 in
313 1535 447 1576 nummum
458 1526 596 1591 pastorem
608 1519 686 1572 turba
699 1515 824 1579 tumultu,
1016 1512 1113 1568 Castra
1127 1512 1226 1568 ducum
1238 1522 1266 1568 ct
1278 1513 1407 1568 comitum
1421 1514 1609 1586 radiantiaque
1630 1529 1705 1569 arma
1729 1515 1805 1567 rire-

177 1592 371 1655 Cmcaiurens,
384 1588 474 1645 subito
486 1589 552 1643 diris
569 1595 705 1643 commota
715 1584 850 1657 procellis,
1722 1581 1805 1656 [mm.

179 1665 265 1718 Sacra
281 1659 431 1716 sacerdotis
442 1659 585 1727 torquebat
596 1658 717 1713 membra
730 1654 859 1726 flagellis,
1018 1651 1078 1708 lluc
1091 1650 1204 1708 &rolris
1215 1652 1308 1708 multis
1322 1652 1438 1723 stipatus
1450 1653 1571 1709 millibus
1584 1653 1665 1711 beros

179 1734 267 1790 Unius
281 1732 309 1786 in
326 1745 419 1786 casum
430 1727 576 1783 multorum
587 1728 663 1782 scuit
673 1727 765 1783 bintus
777 1763 785 1791 ,
982 1760 1006 1822 B
1018 1722 1144 1803 Advenit,
1156 1731 1183 1777 et
1197 1723 1305 1803 undem
1316 1722 1394 1792 iurat
1410 1724 1455 1780 bic
1467 1723 1613 1779 succedere
1630 1724 1718 1780 tectis.

178 1802 328 1858 Carnifices
344 1799 465 1869 geminas
480 1795 718 1852 traxeruntironte
731 1793 880 1854 fenestras,
1022 1790 1118 1848 llrssm
1128 1792 1268 1864 apostolici
1282 1792 1400 1863 regalem
1410 1793 1496 1849 tendit
1505 1793 1539 1849 ad
1552 1794 1651 1848 aulam.

179 1874 216 1928 Et
228 1870 345 1926 eclcrem
358 1868 520 1923 abscindunt
537 1867 656 1922 lacerato
669 1879 784 1936 corpore
793 1865 922 1933 lingnam.
1022 1861 1127 1918 interea
1138 1870 1166 1916 et
1176 1876 1310 1916 sutnmum
1325 1862 1478 1919 manifestat
1488 1862 1586 1934 quippe
1598 1863 1689 1918 tenire

180 1941 341 1998 l‘ontillcem
356 1947 460 1992 mutum
478 1952 538 1993 sese
553 1936 702 1992 extinxisse
715 1936 829 2006 putabat
1019 1930 1178 1988 Pontificem
1190 1931 1331 1999 expulsum
1344 1930 1465 1988 Ιιοιιιιιιιι
1479 1949 1495 1988 a
1510 1942 1574 1988 seue
1585 1933 1705 1988 Leonem

179 2012 261 2068 Plebs
273 2010 373 2081 pietate
385 2023 482 2064 carens
491 2007 612 2077 atriaque
625 2005 724 2062 inlecta
734 2004 861 2066 sedenim
1019 2001 1131 2056 Cialbm
1144 2017 1160 2055 a
1174 2001 1292 2070 propriis
1303 2012 1331 2055 et
1346 2008 1385 2056 tot
1397 2004 1527 2058 tolerasse
1540 2011 1665 2057 remnset

180 2082 236 2137 Sed
253 2094 351 2135 manus
373 2077 444 2132 alma
468 2077 554 2148 patris
575 2076 661 2133 oculis
675 2072 854 2132 medicamina
874 2070 968 2126 adem·
1021 2071 1151 2135 Verbera,
1172 2085 1388 2126 conmemorans
1406 2073 1556 2128 caunetum
1573 2072 1675 2128 lnnrine
1693 2071 1808 2141 uultum,

303 2191 306 2196 „
860 2140 869 2214 l
881 2142 935 2211 ptis
1020 2140 1118 2195 Narrat
1131 2149 1159 2195 et
1171 2140 1317 2196 abscissam
1329 2140 1431 2209 liquido
1441 2143 1475 2197 de
1486 2150 1595 2212 gutture
1608 2142 1736 2211 lingnam,

179 2219 286 2276 obtulit
298 2227 381 2288 atque
398 2234 468 2276 uoto
481 2216 617 2290 reparavit
630 2215 732 2271 lumine
743 2214 858 2269 uultum.
1020 2210 1097 2266 Nune
1109 2211 1262 2266 medicante
1277 2213 1331 2266 beo
1344 2220 1480 2277 sanatum,
1498 2224 1527 2267 et
1539 2212 1573 2266 ab
1584 2215 1709 2267 onnnbns
1722 2211 1784 2267 istis

180 2292 236 2347 οη
250 2289 406 2360 peregrinos
421 2293 582 2361 stupuerunt
594 2286 693 2357 pallida
706 2287 790 2349 mens,
1018 2280 1087 2362 Esse
1098 2280 1187 2345 malis,
1201 2279 1300 2336 animis
1311 2290 1354 2336 stu
1390 2281 1471 2351 tipsc
1483 2283 1620 2338 exercitus
1632 2281 1730 2336 omnia.
1862 2272 1884 2294 ⁸

180 2358 460 2431 Explicatetcalcrem
473 2366 651 2426 truncataque
660 2356 697 2411 lin
765 2351 909 2423 loquelam.
1019 2350 1280 2406 subnexuimus
1367 2352 1636 2408 endosomniaretro

180 2431 250 2485 Cum
260 2428 342 2484 sociis
354 2444 466 2497 maguus
479 2429 574 2499 paucis
583 2425 651 2498 lugit
662 2427 690 2481 in
735 2424 861 2480 sacerdos
1019 2419 1153 2476 Praeteriti
1168 2420 1269 2477 indicio
1283 2436 1433 2491 agnoscens
1446 2422 1559 2494 vestigia
1572 2420 1658 2485 uisus,

180 2500 260 2554 Clam
269 2506 362 2569 petere
377 2499 506 2553 auxilium
521 2496 681 2568 spolitinam
699 2494 786 2551 tendit
798 2493 834 2548 ad
847 2493 952 2548 urbem·
1020 2489 1146 2572 lloeiore
1159 2506 1213 2546 non
1227 2491 1333 2547 dubitat
1349 2493 1421 2573 qnod
1435 2493 1530 2548 tristes
1546 2490 1659 2547 tundere
1671 2489 1766 2546 boma·

180 2570 204 2623 Λ
219 2569 292 2624 Duce
303 2583 365 2622 enm
379 2584 422 2623 ma
450 2585 476 2624 ιο
490 2569 521 2623 ot
531 2567 576 2624 liic
588 2574 729 2638 susceptus
742 2566 845 2621 bonore
1020 2559 1179 2617 Pontificem
1194 2561 1223 2615 iu
1237 2562 1340 2620 somnis
1363 2578 1407 2617 am
1419 2563 1520 2618 dudum
1533 2562 1600 2617 uidit
1612 2563 1746 2618 mmuem.

182 2638 328 2718 winigiso,
340 2646 368 2693 et
380 2583 473 2694 mufflis
484 2637 637 2694 cumulatus
647 2639 674 2692 in
687 2636 782 2693 ordine
793 2633 881 2691 donis.
1023 2631 1091 2685 llinc
1100 2627 1178 2713 iubet
1192 2631 1328 2702 extemplo
1338 2578 1462 2715 llipinum
1473 2645 1616 2688 occurrere
1627 2646 1725 2702 magno

182 2706 379 2763 Audrtltaliam
395 2709 493 2764 missos
504 2708 610 2763 venisse
621 2706 716 2762 tideles
1022 2699 1139 2768 Pastori,
1155 2714 1249 2771 pacem
1259 2709 1287 2757 et
1296 2702 1430 2772 placidam
1440 2713 1549 2772 portate
1559 2702 1686 2758 salntem.

182 2777 362 2842 Francorum,
377 2778 521 2834 etsobtam
537 2775 666 2834 llomanis
681 2775 753 2832 terre
771 2773 885 2830 salutem
1023 2770 1125 2826 Obuius
1135 2771 1175 2826 ire
1187 2779 1264 2841 parat
1275 2772 1405 2842 genitoris
1414 2770 1489 2841 jussa
1503 2772 1640 2827 incessens

183 2846 245 2903 Non
257 2846 383 2912 volubse,
400 2862 480 2903 sunm
490 2849 617 2918 quoniam
629 2846 688 2903 sine
704 2846 783 2915 culpa
800 2851 936 2913 potentem
1023 2839 1135 2909 Plpiuus
1148 2850 1256 2896 cerimm
1267 2842 1345 2899 latus
1357 2858 1419 2898 eum
1431 2842 1549 2898 millibus
1558 2842 1609 2898 ibit
1622 2854 1645 2898 ε.

184 2915 330 2988 Suppliciis
343 2917 482 2974 domiuum
497 2918 674 2983 nunciassent,
689 2930 753 2971 mox
764 2913 920 2969 manifestos
1024 2911 1084 2980 lpse
1095 2910 1172 2966 sedet
1182 2909 1250 2968 solio
1262 2910 1375 2968 Carolus
1387 2910 1532 2981 resjustua
1544 2912 1571 2967 in
1586 2911 1641 2968 alto

184 2987 233 3043 ille
245 2986 338 3042 uenire
348 2988 421 3043 viros
432 2988 466 3042 ad
483 3002 513 3043 se
525 2985 640 3056 jubebo
671 3001 705 3041 ue
719 2985 758 3040 ita
771 2983 823 3039 lari
1026 2982 1098 3036 bans
1114 2980 1187 3063 leges
1200 2981 1305 3052 patriis,
1316 2994 1345 3037 et
1356 2983 1431 3053 regni
1446 2983 1548 3038 lmdera
1560 2982 1660 3038 llrmat.

184 3058 292 3128 incipit,
311 3065 339 3112 et
350 3064 473 3113 truncata
488 3058 564 3114 brevi
577 3056 647 3114 inira
674 3056 753 3126 ingua
767 3055 887 3125 palatum
1027 3050 1116 3120 thue
1129 3053 1205 3105 uidet
1217 3051 1309 3120 patulo
1325 3051 1465 3109 aduersum
1479 3068 1508 3107 se
1523 3055 1634 3109 tandm
1647 3065 1743 3123 campo

185 3127 272 3182 Cursu
283 3133 341 3183 erat
355 3126 488 3198 placidam
502 3127 664 3199 depromens
676 3140 741 3181 voce
755 3123 888 3195 loquelam
902 3139 908 3175 ι
987 3110 1010 3173 C
1024 3119 1121 3202 Pastor
1133 3120 1296 3203 apostolicus
1307 3129 1414 3178 centum
1428 3137 1489 3178 cum
1505 3123 1624 3178 millibus
1636 3123 1719 3178 altum

186 3198 241 3253 Vos
253 3212 305 3266 ego
317 3212 365 3265 per
375 3213 468 3253 caram
481 3198 570 3254 Caroli
580 3197 693 3268 conjuro
705 3195 820 3251 salutem
861 3223 865 3228 ·
1024 3189 1159 3261 Papinum,
1173 3204 1295 3262 geminas
1305 3192 1424 3247 extendit
1436 3193 1470 3247 ad
1481 3193 1583 3247 anthera
1600 3192 1713 3262 palmas,

187 3264 269 3334 licgis
279 3273 310 3319 ut
326 3264 440 3332 eiectum
455 3281 499 3320 me
514 3268 664 3326 defendetis
678 3266 692 3307 b
708 3266 736 3320 iu
747 3266 831 3320 annis
1023 3260 1077 3316 Pro
1091 3260 1244 3332 populoque
1256 3275 1351 3331 preces
1364 3260 1504 3318 edmtdens
1519 3271 1627 3334 pectore
1639 3264 1740 3332 largas.

186 3332 300 3388 Finibus
312 3349 327 3386 a
345 3333 461 3401 propriis
474 3342 502 3387 et
517 3335 589 3390 sedis
603 3336 705 3389 bonore
719 3336 867 3403 repulsum.
960 3329 971 3352 ”
1022 3328 1093 3387 Ante
1102 3332 1273 3387 sacerdotem
1287 3339 1328 3387 ter
1341 3347 1477 3389 summum
1492 3331 1627 3389 etercbus
1638 3332 1727 3388 omnis

187 3402 230 3458 lle
243 3415 351 3471 quoque
361 3400 499 3456 uobiscum
510 3403 545 3456 ad
559 3410 679 3464 vestrum
693 3401 797 3457 ducetis
809 3402 929 3470 opimum
1024 3399 1171 3464 Sternitur,
1183 3408 1211 3454 et
1220 3402 1333 3470 supplex
1345 3400 1440 3472 vulgus
1453 3410 1494 3457 ter
1506 3400 1585 3457 lusus
1597 3403 1704 3458 adorat.

187 3471 300 3542 llegem,
315 3480 344 3535 ct
353 3469 480 3541 pwcipui
493 3470 573 3525 liccat
586 3469 653 3525 mibi
665 3468 796 3539 principis
805 3484 854 3524 ora
1025 3467 1089 3548 ilox
1097 3468 1153 3523 loo
1169 3481 1239 3537 papa
1250 3468 1307 3524 solo
1320 3469 1445 3538 Pipleum
1459 3485 1534 3526 mooe
1547 3472 1663 3542 benigno

185 3540 314 3605 Cernere,
331 3540 377 3610 qui
390 3538 465 3609 justo
477 3549 587 3596 nostros
604 3538 741 3595 examinet
753 3548 832 3593 actus
1024 3536 1132 3606 Excipit
1143 3544 1171 3590 et
1184 3537 1271 3592 sacris
1282 3538 1454 3594 circumdans
1469 3538 1537 3594 colla
1549 3540 1668 3604 lacerus,

186 3608 303 3675 iudicio,
321 3619 349 3666 et
361 3611 458 3665 vindex
471 3610 619 3666 sanissima
628 3609 741 3664 uerbera
754 3619 846 3663 nostra
1024 3605 1116 3661 Haeret
1128 3607 1156 3661 in
1172 3606 1297 3676 amplexu
1310 3608 1409 3677 diuque
1422 3608 1527 3679 placila
1535 3609 1627 3665 oscula
1642 3611 1730 3666 libens
1742 3606 1766 3666 t,

186 3681 321 3743 Vindicet,
336 3680 448 3751 insignis
459 3679 548 3735 luctus
557 3679 741 3752 gemitumque
749 3690 893 3746 meumque
1025 3675 1047 3730 lt
1063 3690 1165 3742 comes,
1177 3685 1205 3733 et
1215 3693 1296 3748 supra
1307 3691 1336 3733 se
1347 3676 1453 3734 confert
1466 3681 1568 3735 vertice
1580 3688 1638 3735 toto

186 3751 301 3814 ΑΙΙιινεῑ,
313 3749 436 3806 addendo
447 3760 547 3806 nosue
556 3749 652 3805 solatia
666 3748 738 3803 sitm.
1024 3744 1147 3814 Pipiuus,
1163 3747 1252 3802 varias
1263 3749 1378 3804 miscent
1389 3762 1515 3804 sermone
1526 3749 1655 3820 lmuelns,

187 3819 259 3903 Engo
270 3821 352 3890 agite,
366 3827 394 3874 et
405 3825 495 3874 rastra
507 3820 530 3875 si
544 3835 616 3875 nunc
631 3818 698 3873 mibi
716 3817 802 3889 gratia
819 3825 896 3873 certa
911 3824 973 3878 est,
1025 3814 1208 3886 lnquevicem
1226 3817 1332 3872 diuersa
1345 3816 1493 3887 leuautpro
1495 3857 1616 3875 ......
1631 3823 1644 3861 ⁸

187 3889 291 3959 Eripite
310 3889 353 3945 bis
363 3888 453 3951 terris,
468 3889 607 3946 liavidme
616 3889 756 3945 obtutibus
770 3886 851 3943 almis
1026 3886 1084 3942 ilex
1095 3887 1157 3957 pius
1170 3887 1273 3942 interca
1290 3888 1387 3944 solium
1399 3889 1566 3960 matacendit,
1581 3898 1610 3945 et
1620 3902 1728 3945 omnent

187 3957 356 4016 Praesentem
370 3958 432 4021 tiri,
443 3955 501 4027 jain
516 3975 566 4016 nos
579 3973 654 4014 mora
666 3957 741 4013 nulia
756 3958 871 4014 tenendo
1025 3955 1179 4027 Alloquitur
1191 3958 1318 4027 populuni
1330 3958 1444 4013 Carisius
1454 3960 1617 4016 venerabilis
1631 3960 1731 4015 beros:

187 4026 328 4100 Impediat,
344 4028 447 4100 gelidas
456 4044 614 4100 superemus
624 4030 750 4084 cursibus
762 4028 855 4099 alpes.
904 4067 908 4072 -
1027 4029 1098 4100 Ergo
1110 4029 1191 4099 agite,
1209 4042 1375 4097 oproccres,
1398 4029 1493 4098 inquit,
1515 4031 1614 4099 quibus
1633 4028 1729 4086 induiti
1741 4043 1817 4088 arma

187 4097 252 4154 lime
262 4098 317 4154 Leo
330 4113 409 4169 papa,
422 4100 521 4156 cobocs
539 4099 705 4156 Francorum
720 4098 804 4154 mitta
820 4096 924 4161 bannis
1026 4099 1068 4153 ire
1080 4100 1148 4154 estis
1158 4097 1229 4155 soliti
1244 4099 1279 4154 ad
1290 4100 1390 4156 bellum
1401 4098 1569 4169 llartemque
1582 4115 1709 4157 mserum

188 4168 332 4238 Obstupuit
344 4169 458 4224 Domino
467 4179 559 4241 grans
569 4168 716 4239 nudosque
728 4168 878 4239 rependens
1028 4169 1154 4233 Tentare,
1169 4176 1197 4223 et
1210 4169 1294 4224 crudo
1310 4179 1415 4225 vosmet
1424 4169 1561 4227 confidere
1573 4185 1680 4252 pugno;

189 4236 240 4362 gui
255 4254 325 4293 nota
336 4238 456 4307 pontifici
467 4240 595 4295 reddebat
607 4237 707 4293 lumina
720 4254 836 4303 sonnino,
987 4269 990 4274 ,
1027 4239 1152 4293 Pontitlci
1166 4238 1247 4294 celeri
1256 4254 1337 4295 cursu
1349 4255 1524 4295 occurremus
1538 4256 1640 4312 opimo.

214 4311 405 4379 tdespcratam
420 4310 553 4365 condebat
566 4308 594 4363 in
605 4324 652 4363 ore
665 4308 809 4379 loquelam.
1029 4310 1081 4366 Vix
1108 4308 1167 4364 baec
1191 4308 1261 4364 dixit
1284 4311 1384 4376 beros,
1405 4308 1496 4366 immil
1524 4311 1643 4382 undique
1667 4310 1747 4366 turba
1771 4316 1812 4363 tu·

190 4377 346 4434 dtGemxar
355 4385 449 4434 contm
459 4378 577 4434 breuiter
587 4380 626 4433 sie
638 4385 749 4434 vocibus
759 4394 833 4441 usus,
1709 4378 1818 4454 [multu.

189 4448 257 4513 Lux,
272 4449 355 4504 decus
365 4450 502 4520 egregium
513 4449 682 4518 populanum,
694 4448 783 4502 lumen
794 4462 942 4511 arutcmrm,
992 4447 1096 4508 ItTeia
1110 4464 1192 4504 manu
1206 4448 1346 4520 glomerat,
1361 4466 1421 4506 mox
1437 4449 1589 4522 loricasque
1600 4451 1705 4508 trilices

190 4516 310 4573 Pastora
331 4518 459 4573 ‹ismlicus
470 4520 640 4574 venerandus
652 4518 680 4572 in
694 4519 760 4574 orbe
773 4519 898 4572 sacerdos
1031 4518 1064 4573 lit
1079 4518 1147 4575 latos
1157 4519 1275 4590 clypeos,
1291 4520 1366 4591 galea
1400 4537 1434 4578 ue
1445 4529 1474 4578 et
1486 4521 1588 4593 spicula
1600 4521 1680 4592 pelte

190 4588 228 4642 Te
240 4535 368 4643 mandare
380 4589 457 4670 dccet
470 4588 642 4660 quidcunque
653 4588 680 4643 in
690 4587 775 4670 'corde'
782 4588 894 4669 volutas,
1030 4592 1137 4644 iterata
1147 4600 1290 4655 resonant;
1309 4590 1383 4647 acies
1414 4592 1459 4647 ine
1470 4591 1533 4648 inde
1542 4592 1668 4648 uidentur

191 4658 244 4712 Nos
256 4672 352 4727 parere
366 4667 419 4713 turs
434 4657 475 4714 las
489 4667 541 4725 est,
553 4668 630 4728 pater
643 4668 755 4729 optnnc,
765 4674 859 4739 pissas.
1032 4656 1072 4712 lre
1082 4659 1214 4728 equitum,
1226 4673 1320 4729 sparso
1331 4660 1489 4733 nigrescunt
1500 4661 1611 4734 pulvere
1623 4664 1721 4730 unbm,

190 4726 252 4782 lude
266 4730 318 4783 iter
330 4728 462 4796 incipiunt
476 4729 530 4785 beti
544 4728 630 4798 rapidi
665 4743 698 4783 ae
712 4728 800 4782 menri
1030 4727 1066 4782 lit
1079 4732 1141 4786 tuba
1153 4729 1260 4798 lugubri
1271 4730 1361 4787 medio
1372 4731 1469 4802 strepit
1482 4746 1580 4804 aggere
1593 4746 1670 4799 voce,

191 4796 326 4879 Passibns,
341 4796 455 4867 Augusti
465 4797 542 4866 jutat
556 4798 595 4853 ire
608 4745 749 4854 afflictioni
760 4796 860 4867 magni,
1031 4797 1150 4853 Classica
1162 4798 1238 4871 signa
1253 4809 1362 4864 sonant,
1375 4802 1463 4872 campi
1474 4802 1623 4857 denmtnur
1633 4802 1722 4872 aperti

190 4866 316 4923 lbllicrlcs
330 4876 435 4922 tcnmre
448 4869 516 4935 tias,
529 4868 678 4937 callemque
689 4881 813 4922 severum
1032 4867 1154 4939 tigmine,
1170 4871 1297 4925 cristatm
1313 4869 1449 4940 lulgmque
1463 4871 1599 4928 enerdtns
1608 4872 1714 4937 omnim

192 4936 305 4991 Vincere
321 4937 447 4993 cermdm
460 4937 566 4993 diuersa
582 4951 629 5007 per
642 4937 740 5008 oppida
754 4945 879 5006 pergunt
1032 4937 1096 4993 'l'ela
1110 4939 1220 5002 micant,
1232 4941 1335 5007 pariter
1348 4939 1446 4994 vexilla
1457 4939 1546 4996 lerata
1558 4949 1712 5008 comacum,

190 5006 338 5062 innumerae
351 5017 499 5062 occurrunt
578 5010 614 5061 im
628 5010 662 5063 ad
681 5009 833 5077 spectacula
847 5008 943 5069 turba,
1030 5005 1136 5062 Armati
1150 5008 1276 5063 incedunt
1281 5008 1395 5077 iuuenes
1404 5017 1432 5064 et
1444 5007 1513 5064 treta
1519 5009 1647 5079 juventus

191 5075 330 5131 Pontibcis
344 5092 436 5132 meras
449 5092 501 5146 gau
520 5085 597 5133 entes
608 5076 727 5133 lambere
740 5076 855 5145 planitas,
1030 5078 1137 5133 Gaudet
1147 5077 1235 5146 equis,
1254 5079 1342 5133 sicem
1355 5076 1483 5135 lemeacit
1494 5081 1523 5136 in
1536 5081 1645 5138 ossibus
1657 5079 1739 5137 ardor

190 5146 467 5229 ilultuquepraeterea
478 5147 647 5204 cumulantes
659 5161 771 5202 munera
834 5156 892 5201 tant
1030 5147 1173 5210 nomenoi,
1188 5163 1220 5202 ac
1231 5148 1344 5204 Carolus
1358 5147 1446 5205 medio
1460 5152 1544 5206 micat
1555 5153 1662 5222 agmine
1676 5151 1763 5214 laetus,

191 5214 225 5269 Et
235 5217 324 5284 capite
336 5231 364 5270 in
377 5217 461 5271 ueteri
475 5217 549 5271 risus
562 5217 697 5273 minando
711 5232 780 5272 nove
791 5221 831 5270 tos
1030 5218 1120 5273 dureo
1134 5218 1216 5273 crista
1231 5220 1298 5290 tegit
1307 5217 1435 5284 tronum,
1450 5228 1479 5275 et
1490 5229 1650 5291 conspectus
1661 5222 1689 5276 ln
1702 5220 1785 5279 armis

191 5278 351 5354 obstipeant
361 5296 386 5353 ⁶,
400 5285 572 5357 linguamque
583 5287 656 5357 loqui
669 5288 802 5342 mirantur
815 5286 978 5356 ademptam,
1031 5286 1136 5359 Fulget,
1148 5303 1218 5359 equo
1228 5288 1330 5360 ingenti
1344 5298 1469 5362 portabat
1481 5289 1578 5346 ductor
1589 5291 1705 5361 opimus.

227 5425 241 5458 ¹
261 5417 326 5489 ch.
342 5434 430 5475 oecon
442 5435 520 5503 ,vnce
539 5418 622 5477 relert
641 5420 799 5505 quadratio
821 5419 981 5491 quantitatis
1069 5420 1239 5505 tbeg.,init.

193 5494 325 5630 remu
336 5499 506 5630 seweie?
523 5506 577 5547 ⁰⁰¹⁸
588 5493 655 5549 πω
670 5492 796 5564 ‘enm
807 5500 943 5548 ‘'W‘'
1071 5491 1350 5619 :beoff’ssfflno-
1408 5564 1449 5621 oo
1465 5575 1583 5622 armo·
1597 5563 1821 5625 intotonat>

227 5640 240 5739 Ξ
256 5628 526 5769 ἷξὲω,ιξὲ;ιῖἷρςαηι,
1033 5601 1171 5702 gendum:
1187 5578 1465 5704 μιοὺἱειιιιιιιιξέξὺο.ρ
1679 5607 1689 5633 ’
