4050 6192
249 380 300 436 m
709 364 739 419 ll.
757 361 882 420 ciboti
901 360 1008 418 mittat
1026 359 1103 417 OPP.
1122 357 1212 415 rins
1229 360 1262 415 ll.
1281 358 1402 417 steilo
1423 361 1454 417 ll.
1814 357 1882 420 'tit

248 490 377 545 temarils
397 491 491 543 macto
513 476 656 553 imperium
679 488 839 546 capessere,
867 480 949 543 atque
974 487 1036 528 eum
1051 474 1075 533 Α
1090 484 1178 541 neque
1191 470 1258 525 mihi
1272 484 1392 540 unquam
1408 469 1521 552 contigit
1535 477 1565 525 ut
1576 467 1636 539 ejus
1644 468 1748 526 librum
1759 470 1880 531 aduersus

248 557 411 615 monachatu
429 548 583 622 inaugurari
604 547 674 617 :qui
693 546 789 615 etipse
802 551 895 615 postea
918 558 933 595 a
948 541 1038 596 Leone
1089 538 1213 596 Graecum
1232 540 1422 612 imperatorem
1436 552 1568 609 scriptum
1584 539 1726 609 legerem:
1742 553 1827 609 neque
1839 558 1880 598 ea·

250 637 363 685 retains
378 634 405 681 et
415 622 567 693 exagitatus
583 617 669 673 sacris
689 632 718 672 se
731 615 845 685 prebuit
865 611 1037 667 initiandum.
1090 611 1181 666 istimo
1199 610 1286 734 ipsum
1300 619 1348 665 aul
1364 611 1432 666 alios
1450 610 1639 666 sanctissimos
1648 609 1749 665 Patres
1762 620 1814 665 tam
1830 614 1880 669 acri

250 696 375 755 {sautem
387 695 511 750 Leocum
526 688 679 745 simulacris
697 684 789 741 hostili
806 693 833 739 et
844 691 958 739 eruente
979 681 1039 735 ani·
1090 679 1180 736 sindo
1201 697 1209 734 r
1231 695 1261 736 as
1274 688 1363 736 sarias
1376 685 1462 737 metas
1480 681 1616 747 voluisse,
1635 689 1666 736 ιι
1683 695 1731 736 eas
1745 680 1831 750 aliqua
1842 697 1880 737 ra-

251 785 296 824 mo
318 763 488 837 depugnavit,
514 759 584 815 unde
598 771 695 812 nomen
713 754 825 824 adeptus
851 754 1039 824 ιικονιμὰχιι,
1091 750 1163 805 tione
1184 750 1337 806 adorandas
1349 750 1479 807 sinerem
1498 749 1591 822 Longe
1604 752 1713 820 lateque
1736 751 1882 821 discrepant

249 839 366 908 pessime
391 849 454 889 acce
474 833 495 885 it
517 831 623 884 illorum
639 835 742 881 tutores
763 835 790 879 et
814 824 978 878 Germanum
993 837 1042 892 pa·
1091 820 1149 876 haec
1160 820 1232 874 inter
1243 834 1273 875 se
1286 821 1367 875 talem
1383 821 1591 876 simulacrorum
1610 836 1690 875 usum
1704 819 1880 891 frequentare,

251 908 398 962 triarcham
412 919 442 959 su
463 911 524 956 ecto
537 899 591 954 alio
611 897 773 959 deturbavit,
799 894 843 948 eui
859 907 958 947 nomen
970 892 1044 945 Aea·
1091 891 1179 959 qualis
1190 904 1272 960 supra
1285 890 1414 947 delinitus
1430 899 1493 956 est,
1515 900 1563 946 aut
1581 891 1636 946 vlrn
1648 891 1770 959 aliquam
1783 892 1882 972 rcipia-

250 978 335 1032 stasio
348 993 355 1028 :
369 974 520 1041 litterisque
540 968 670 1039 Gregorio
682 981 757 1036 papae
770 962 887 1032 injunxit
909 970 939 1017 ut
956 962 1043 1017 Roma
1091 960 1191 1032 nisque
1209 962 1413 1031 persuasionem
1433 961 1486 1017 illis
1499 962 1649 1031 assignare.
1681 961 1760 1016 Haud
1779 963 1881 1018 dnbrurn

251 1046 365 1101 tolleret.
387 1045 485 1100 ilerum
505 1037 663 1109 morigerari
682 1034 857 1098 detrectarit,
874 1047 956 1102 reque
977 1030 1042 1086 deli·
1091 1040 1134 1087 est
1151 1030 1217 1101 quin
1233 1031 1404 1102 pontificibus
1415 1031 1544 1087 Romanis
1558 1031 1737 1086 amamlentm
1752 1032 1815 1086 risa
1830 1030 1881 1088 lue·

248 1116 342 1170 heram
355 1113 469 1170 coneilio
481 1109 632 1176 trequenti,
652 1105 691 1162 uti
704 1111 824 1167 narrant,
838 1103 874 1160 ad
884 1101 1044 1160 asserendas
1092 1102 1147 1158 rint
1161 1102 1247 1158 trube
1260 1100 1388 1158 acmes
1400 1102 1611 1171 imperatoribus
1620 1102 1730 1167 excite,
1745 1102 1779 1157 ad
1790 1103 1881 1157 distur-

249 1185 382 1256 imagines
398 1192 481 1237 totam
495 1175 603 1238 batim
615 1177 734 1238 exeidt,
756 1173 971 1242 melierdanqte
991 1172 1043 1226 im·
1093 1171 1195 1228 hadas
1208 1171 1339 1244 btnpirtes
1352 1179 1381 1230 et
1392 1169 1572 1230 cllm'naadat
1584 1172 1714 1241 opinione
1736 1172 1879 1240 temeraria,

248 1254 368 1336 peratori
387 1252 559 1308 rebellionem
579 1245 773 1305 Cortstantiuus
784 1239 855 1298 lilius
867 1258 944 1312 mque
960 1256 1043 1297 erosa
1113 1244 1163 1297 uol
1176 1250 1266 1296 tatncu
1284 1257 1337 1297 non
1354 1242 1464 1309 evincit,
1478 1251 1591 1298 conatus
1602 1241 1711 1297 illorum
1723 1241 1788 1312 ipsis
1797 1242 1881 1298 admo·

249 1333 302 1380 ista
314 1324 407 1381 habuit
417 1321 563 1378 simulacra
573 1336 605 1374 ae
618 1318 726 1373 iunctus
740 1314 797 1383 ejus
805 1323 889 1384 pater.
905 1312 970 1368 Post
980 1327 1042 1366 eum
1131 1327 1159 1366 m
1168 1312 1305 1376 arrisisse,
1319 1319 1365 1367 aut
1378 1313 1541 1378 adluhuisse,
1555 1313 1602 1382 qui
1617 1315 1644 1368 in
1656 1313 1726 1369 istas
1739 1312 1880 1370 evehenda

248 1392 303 1452 teo
318 1410 406 1464 neque
421 1392 537 1454 amarit,
561 1401 648 1458 neque
663 1387 796 1442 reveritus
816 1391 858 1438 est
872 1382 968 1452 magia,
995 1382 1043 1438 sed
1094 1380 1130 1436 ila
1151 1382 1332 1443 incubuerint,
1351 1392 1379 1437 ut
1397 1382 1518 1437 ditinum
1545 1383 1677 1438 honorem
1705 1383 1878 1438 exhiberent:

250 1465 375 1518 diadema
397 1461 529 1531 predives
542 1474 557 1513 a
575 1457 703 1512 lliaurielo
714 1456 842 1510 donatum
859 1461 887 1508 et
899 1465 1044 1522 consecra·
1094 1466 1189 1506 rerum
1203 1451 1263 1506 illas
1285 1452 1374 1522 potius
1397 1453 1424 1507 in
1440 1451 1513 1506 mille
1527 1451 1679 1522 lragmcnta
1692 1452 1833 1522 dissipatas
1846 1462 1880 1508 to·

249 1541 308 1588 tum
324 1532 444 1587 sustulit.
1093 1520 1235 1575 lerassem.
1252 1521 1322 1589 Quin
1332 1523 1413 1577 etiam
1429 1521 1525 1577 retica
1538 1524 1650 1578 heresis
1659 1525 1695 1578 ab
1710 1523 1769 1593 ipso
1779 1532 1880 1578 auctore

286 1604 340 1657 ista
355 1613 446 1656 autern
459 1615 548 1671 pugna
560 1609 588 1654 et
602 1594 768 1653 concertatio
786 1594 819 1648 de
836 1591 1043 1647 simulacrorum
1090 1590 1147 1661 lam
1169 1599 1309 1647 recantata
1321 1593 1348 1646 in
1363 1593 1424 1647 eela
1438 1591 1526 1648 Caroli
1550 1592 1657 1662 Magni,
1682 1607 1717 1647 ae
1729 1607 1818 1648 eoram
1834 1592 1880 1648 llo

250 1672 435 1734 nsuetcultu,
464 1671 576 1723 Romam
594 1666 707 1738 perlata,
732 1673 813 1734 atque
825 1672 961 1731 uteunque
981 1676 1045 1730 pro-
1095 1676 1175 1720 mauo
1192 1662 1321 1731 pontiilce
1339 1662 1467 1726 Adriano,
1484 1677 1543 1732 quae
1565 1663 1633 1719 nihil
1653 1664 1808 1718 commercii
1825 1677 1879 1717 eom

250 1749 368 1812 pugnata
391 1749 433 1795 est
448 1757 455 1794 :
469 1739 541 1810 quod
555 1738 632 1801 dieo,
651 1735 777 1804 quotriam
803 1734 922 1788 historiae
939 1731 1045 1802 patititu-
1094 1731 1145 1786 hae
1158 1733 1344 1788 controversia
1365 1733 1498 1796 habehat,
1520 1734 1602 1788 tertio
1623 1735 1658 1788 im
1681 1733 1771 1789 letatis
1794 1747 1837 1786 rea
1855 1740 1880 1786 et

249 1810 299 1866 eie
320 1811 478 1866 nominatim
502 1810 620 1867 tradunt,
649 1805 820 1872 Grecos-ium,
845 1802 993 1856 adrianum
1016 1810 1043 1855 et
1060 1809 1234 1883 peomperta
1256 1801 1391 1866 lactaest,
1414 1802 1528 1859 coneilio
1545 1803 1650 1859 i'ranen
1663 1804 1785 1859 ordiano.
1798 1803 1879 1856 Auno

250 1878 418 1949 Stephanum
435 1881 492 1949 ipsa
507 1886 608 1934 tutatos
618 1891 686 1931 corre
698 1875 741 1930 liis
755 1882 783 1928 et
799 1873 985 1927 sanctionibus
995 1872 1042 1926 ad-
1094 1872 1155 1926 nius
1169 1872 1327 1936 monachus,
1340 1881 1367 1927 ct
1380 1872 1437 1928 rldo
1449 1872 1608 1929 Viennensis
1619 1873 1721 1945 episc,
1738 1883 1792 1928 tum
1805 1874 1880 1927 abbas

249 1964 344 2006 versus
354 1949 658 2020 imperatoresGtrecos.
1093 1940 1285 2012 Urspcrgensis
1307 1951 1335 1997 et
1364 1942 1529 2012 sigisbertus
1549 1945 1641 2013 paruis
1661 1944 1800 1999 chronicis
1820 1945 1879 1998 scri·

285 2019 404 2074 Tandem
425 2035 518 2074 rumor
534 2018 561 2071 in
573 2016 716 2071 Franciam
736 2012 926 2093 disseminatus
945 2019 998 2076 est,
1013 2018 1043 2067 et
1091 2011 1178 2074 hunt,
1195 2012 1259 2080 quid
1272 2012 1323 2067 sihi
1338 2012 1463 2077 noluerit,
1486 2021 1702 2082 pratereerturrr
1721 2023 1750 2068 ct
1768 2012 1877 2083 locuples

248 2089 410 2160 pedetentim
429 2088 574 2143 increbuit.
602 2085 783 2152 Quamobrem
801 2082 916 2151 Prpinus
934 2081 1044 2137 Gnaeo·
1092 2082 1277 2136 testimonium
1298 2082 1376 2139 nobis
1396 2083 1521 2138 relietum
1539 2082 1630 2140 libello
1647 2084 1766 2155 quodam
1785 2082 1877 2138 Paulini

251 2169 349 2213 tumet
363 2157 545 2214 Romanorum
557 2153 840 2226 eonspectodissidio,
856 2169 928 2207 antro
946 2151 1044 2206 salutis
1091 2149 1223 2221 Aquileiae
1240 2151 1334 2223 episc,
1355 2153 1433 2222 jussu
1458 2155 1542 2208 nostri
1566 2154 1741 2224 imperatoris
1758 2155 1877 2208 adsersus

251 2226 302 2282 titt
317 2228 464 2285 Ecclesiam
478 2245 554 2282 suam
567 2226 708 2283 (lentiliaci
722 2223 899 2292 conseripsit,
914 2221 975 2276 aliis
986 2222 1044 2291 pia·
1093 2219 1167 2275 illam
1185 2222 1300 2277 haeresin
1314 2223 1418 2293 scripti,
1430 2223 1656 2294 quemadmodum
1677 2226 1736 2295 ipse
1749 2224 1815 2279 bane
1825 2237 1877 2293 pro

250 2305 295 2352 cet
317 2297 434 2354 Salmuri
470 2295 655 2368 Salmoniaeil,
670 2304 699 2348 ut
716 2311 748 2350 ea
767 2295 800 2349 de
816 2309 845 2347 re
859 2292 1041 2358 decideretur,
1092 2291 1208 2346 vinciam
1234 2293 1352 2362 suscepit
1370 2294 1504 2349 scribendi
1533 2294 1665 2350 adversus
1701 2294 1773 2350 illam
1796 2295 1878 2348 adora·

250 2367 332 2423 simul
344 2369 414 2424 etde
425 2369 486 2423 aliis
500 2365 692 2422 controversiis
704 2365 738 2420 de
756 2364 897 2418 Trinitate.
1093 2361 1205 2426 tionem,
1222 2369 1269 2416 aut
1290 2362 1313 2418 si
1333 2379 1385 2419 nort
1405 2361 1464 2432 ejus
1478 2362 1560 2418 luerit
1572 2364 1596 2420 is
1607 2364 1735 2426 libellus.
1752 2377 1781 2418 ea
1796 2373 1876 2418 tantm

286 2437 480 2494 Constantinus
490 2437 619 2519 postremi
631 2435 729 2490 Leonis
741 2433 812 2488 itlius
822 2448 883 2488 eum
895 2439 1042 2487 matresua
1092 2439 1121 2487 et
1138 2432 1277 2488 voluntate
1299 2440 1327 2487 et
1345 2434 1474 2505 religione
1485 2433 1536 2488 luit
1553 2449 1605 2504 qua
1621 2434 1683 2505 ejus
1701 2432 1877 2490 rroorineetul·

249 2505 345 2566 bene.
359 2523 414 2577 quo
428 2510 546 2563 studium
566 2517 594 2562 et
610 2509 724 2576 gratiam
738 2502 804 2559 cleri
821 2501 908 2558 Graeci
924 2501 977 2556 sibi
996 2502 1044 2556 de·
1093 2505 1189 2571 gataur
1201 2517 1272 2572 opus
1282 2505 1399 2559 ostendit
1419 2519 1426 2559 ι
1442 2505 1513 2573 quod
1530 2512 1675 2575 propterea
1689 2504 1751 2560 lecit
1765 2504 1823 2574 qttia
1834 2503 1877 2556 irn-

251 2585 410 2643 tnereretm,
420 2578 562 2648 septimum
574 2584 735 2631 conventam
752 2573 925 2644 congregarit
935 2571 1045 2626 Nicaea.
1092 2580 1248 2642 peratoranr
1258 2574 1437 2644 quorumdam
1449 2574 1526 2629 tilido
1543 2574 1779 2644 inperatricisque
1791 2572 1875 2630 Orien·

252 2646 303 2702 ilbi
332 2647 420 2703 honos
443 2647 605 2718 imaginibus
622 2647 747 2702 decretus
770 2652 813 2699 est
840 2651 868 2697 et
891 2641 1046 2706 restitutus,
1094 2641 1170 2706 talis,
1187 2650 1217 2697 ut
1238 2644 1431 2715 supradictum
1445 2653 1498 2710 est,
1512 2645 1627 2700 eoncilia
1641 2644 1875 2702 tractatarum·

251 2715 443 2787 suffragatione
465 2725 494 2772 et
522 2717 712 2788 astipulatione
738 2714 937 2783 superstitionis
957 2712 1047 2793 ipsius
1093 2711 1209 2777 bantm,
1226 2728 1288 2781 tqttae
1305 2723 1398 2771 noster
1409 2715 1557 2785 imperator
1571 2714 1646 2784 jaste
1663 2726 1746 2787 atque
1761 2713 1876 2770 ditiuitnt

250 2786 440 2857 imperatricis,
457 2795 488 2842 ιιι
501 2786 635 2842 dictitant.
658 2785 727 2842 Cum
740 2793 912 2854 grassaretur
927 2789 954 2836 et
967 2796 1045 2836 tuta-
1094 2782 1130 2837 ιιι
1153 2784 1273 2851 ugnatit.
1726 2803 1731 2811 ·

249 2853 365 2913 lesceret
380 2861 466 2930 magis
481 2859 574 2913 isthmo
591 2858 683 2927 opinio
704 2856 731 2910 in
746 2854 839 2916 Gallia,
854 2853 969 2908 Carolus
988 2852 1045 2904 lia·
1173 2868 1226 2922 gno
1238 2853 1398 2908 documento
1414 2853 1517 2909 ramat
1529 2856 1636 2912 libellus
1648 2865 1701 2920 est,
1714 2853 1874 2925 qnamiougt

250 2941 337 2997 gaus,
350 2930 435 2997 patris
453 2928 606 2984 institutum
618 2935 736 2989 temtus,
751 2924 834 2980 t‘olrrit
846 2940 878 2978 oa
890 2924 924 2977 de
935 2937 964 2976 re
983 2937 1045 2976 cer·
1094 2920 1193 2977 relicta
1214 2922 1367 2978 institutum
1380 2925 1545 2994 discreparet
1556 2928 1591 2981 ab
1615 2927 1781 3009 irrmgiaibas
1790 2932 1816 2978 ut
1825 2921 1874 2991 jam

252 2998 307 3050 tior
317 3011 365 3066 per
379 2998 481 3052 ebrum
495 2998 562 3063 lieri,
576 2998 751 3065 moribusque
765 2994 899 3061 majorum
917 2992 1046 3061 receptis,
1094 2991 1231 3047 matrilesti
1243 2992 1311 3048 linit
1322 2994 1448 3049 malitiosi
1463 3004 1492 3048 et
1506 2995 1599 3051 stolidi
1611 2997 1701 3052 ‹ielim
1713 2993 1875 3065 scripturient-

251 3066 427 3122 Fraaeoiordi
451 3083 523 3122 anuo
538 3068 633 3123 salutis
644 3065 697 3123 lbi
712 3066 800 3120 edicto
815 3064 897 3133 jussit
915 3075 1045 3143 magnum
1095 3070 1152 3127 tes,
1167 3062 1213 3131 qui
1230 3064 1393 3120 conturbare
1414 3066 1506 3121 omnia
1529 3074 1558 3122 et
1570 3065 1725 3122 adulterare
1748 3066 1783 3120 ita
1803 3061 1874 3118 susa

288 3137 441 3205 isooporum
449 3152 558 3208 gregem
568 3150 724 3205 comparere
733 3151 766 3190 err
775 3134 848 3189 omni
861 3149 910 3188 sua
922 3132 1041 3186 ditione:
1057 3165 1081 3230 C
1095 3132 1213 3198 ιιεήιι,
1225 3142 1360 3189 utcontra
1373 3134 1401 3188 in
1413 3150 1495 3189 unum
1509 3136 1784 3193 connerinensem
1796 3130 1874 3189 marsis

252 3206 402 3260 sietiam
426 3207 593 3262 discutienda
617 3206 742 3260 veniebat
768 3203 879 3259 irreresis
902 3202 1041 3271 quaedam,
1097 3202 1230 3258 adductas
1259 3218 1338 3270 sum,
1361 3214 1392 3259 ιιι
1411 3205 1480 3260 calci
1504 3205 1583 3277 bitias
1606 3209 1700 3277 operis
1717 3204 1874 3262 atterendum

253 3290 335 3344 quam
354 3274 430 3331 Felix
452 3276 552 3346 Urgelli
573 3284 601 3331 et
620 3275 787 3345 Elipltandtrs
802 3273 903 3327 Toletm
925 3271 1047 3341 episcopi
1097 3286 1232 3327 curarem.

252 3345 364 3415 scriptis
387 3346 470 3400 etiam
495 3345 716 3401 tutabantur.Ad
739 3345 796 3399 haee
821 3342 964 3398 eoncdium
982 3339 1048 3394 illud
1131 3339 1405 3398 numantinorum
1429 3345 1495 3401 mihi
1509 3345 1616 3402 inerant
1639 3346 1702 3403 iibri
1716 3354 1769 3401 tres
1789 3341 1873 3397 neem

254 3413 350 3470 Nicea
364 3415 507 3471 collectum
521 3427 548 3473 et
567 3415 745 3486 approbatum
755 3421 867 3469 anctore
881 3425 984 3480 puero,
999 3411 1048 3465 do·
1096 3412 1226 3477 auctoris,
1242 3413 1289 3482 qai
1306 3413 1393 3468 nihile
1407 3416 1497 3470 secius
1509 3431 1539 3471 se
1550 3417 1595 3473 isti
1609 3419 1726 3473 concilio
1738 3411 1873 3470 interulae

190 3537 197 3550 ,
254 3485 404 3540 minatione
428 3493 517 3542 antem
538 3495 566 3542 et
582 3485 772 3555 superstitione
794 3481 938 3544 muliebri,
954 3495 1048 3549 suspe-
1097 3488 1221 3546 testatur,
1236 3483 1331 3537 eadem
1356 3484 1390 3538 do
1403 3500 1434 3540 ro
1455 3495 1655 3544 commentante
1668 3488 1795 3542 adsersus
1813 3479 1872 3536 reti·

254 3562 329 3609 etum
342 3566 370 3610 et
380 3554 526 3611 lavorabile
539 3555 687 3619 ridebatur,
696 3554 769 3624 qnod
781 3567 834 3607 uon
851 3552 917 3606 satis
928 3550 1048 3620 legitime
1097 3565 1173 3613 eom,
1200 3568 1332 3623 nosquam
1355 3562 1445 3610 latren
1465 3555 1503 3610 itti
1526 3556 1650 3629 impingit
1676 3546 1873 3625 inrag‘rieszted

255 3624 383 3690 coiisset,
401 3625 619 3681 conticentibus
638 3625 708 3680 inter
730 3640 759 3680 se
771 3623 882 3679 Gracia
895 3621 1046 3675 ordinibus.
1097 3620 1160 3689 quia
1174 3621 1300 3677 tolumen
1314 3632 1437 3679 nostrum
1457 3641 1539 3696 supra
1553 3624 1661 3694 josiam
1676 3626 1771 3682 molen
1792 3634 1872 3677 erere·

255 3692 314 3749 iluc
332 3695 435 3749 accetiit
454 3697 527 3764 quod
542 3697 644 3750 rideret
659 3695 687 3749 iu
708 3694 794 3750 Gallia
817 3693 897 3747 iidem
915 3690 1048 3745 Christia-
1098 3690 1189 3756 risset,
1210 3692 1274 3748 illud
1297 3693 1486 3762 inpraesentia
1499 3697 1570 3767 typis
1586 3711 1716 3753 escarum
1730 3694 1817 3754 nolui,
1837 3685 1871 3741 iel

256 3777 319 3817 uam
343 3765 513 3821 mestissime
536 3774 564 3821 et
577 3765 751 3836 integerrime
763 3762 897 3819 excultam
919 3775 990 3824 asse,
1012 3775 1047 3814 es
1097 3761 1214 3816 mraxime
1225 3762 1297 3844 qood
1310 3777 1408 3818 nornen
1423 3767 1541 3821 auctoris
1554 3781 1611 3837 prae
1627 3782 1658 3822 se
1672 3782 1725 3822 tros
1740 3763 1840 3819 meust.

255 3847 310 3956 pao
336 3835 444 3890 Christo
466 3852 564 3891 nomen
586 3836 678 3890 datum
702 3836 798 3898 luerat,
822 3833 926 3900 absque
948 3845 991 3894 eo,
1018 3838 1049 3884 ut
1132 3830 1218 3898 liujus
1235 3832 1318 3901 igitur
1333 3833 1520 3891 historltesola
1540 3828 1871 3900 materiamornant

266 3900 326 3958 (erla
342 3903 474 3960 idolomm
490 3905 663 3961 ueneratione
677 3911 906 3974 conspurcaretur
915 3898 1047 3969 jarnolim
1097 3899 1151 3954 lide
1163 3902 1197 3956 ab
1209 3902 1319 3971 optimis
1330 3904 1480 3975 quibusque
1495 3913 1523 3961 et
1534 3905 1727 3963 vetustissimis
1734 3897 1870 3959 aucttnibtlt

256 3975 477 4042 proscriptorum,
504 3986 535 4030 ut
555 3975 702 4031 Christiani
726 3973 844 4029 nominis
869 3978 961 4025 essem
983 3985 1049 4038 prn-
1097 3985 1129 4024 en
1178 3971 1241 4025 ‘lata
1261 3981 1290 4027 et
1306 3983 1448 4044 excerpta,
1464 3983 1703 4048 quantumcunque
1720 3966 1870 4029 tmhalettiae

256 4033 373 4099 iettores
389 4061 395 4099 :
413 4061 473 4100 curn
492 4045 583 4101 muto
598 4046 743 4115 provincia
763 4059 819 4099 non
832 4044 869 4096 ita
887 4041 992 4111 pridem
1013 4039 1049 4094 ad
1097 4040 1160 4094 erlai
1180 4041 1249 4095 uerit
1263 4042 1316 4098 hue
1336 4043 1447 4100 adtenta
1461 4056 1489 4099 et
1502 4046 1646 4116 importata
1668 4045 1767 4116 caligo,
1787 4036 1871 4095 attile·

256 4111 337 4167 taem
361 4130 498 4171 conuersa
519 4116 623 4170 ricittos
646 4122 797 4184 ιριιιιιιιι
817 4111 949 4166 idolorum
963 4108 1048 4164 cultui
1097 4126 1158 4164 rem
1179 4110 1339 4167 saecolorum
1352 4113 1542 4183 ignorantiaet
1554 4116 1706 4187 aliquorum
1723 4108 1870 4181 maligtillll

256 4182 337 4236 ebant
353 4199 407 4239 nou
426 4185 752 4249 mordicusiahauetttes,
766 4183 872 4236 veritus
889 4179 1049 4258 minearu-
1097 4180 1164 4234 satis
1188 4196 1323 4251 superque
1343 4182 1405 4238 lidei
1430 4194 1523 4241 nostro
1545 4187 1623 4255 operi
1651 4191 1790 4240 sermome.
1814 4173 1870 4227 lolo

257 4252 318 4306 dem
331 4254 559 4310 abominationem
572 4248 1049 4317 rcroirerentar,auctoriaithn1us
1098 4258 1189 4304 mamm
1200 4251 1397 4307 succenturiari
1410 4257 1529 4310 rabones
1545 4256 1690 4312 solidatae
1704 4255 1783 4311 testas
1792 4246 1869 4304 ilabe-

256 4324 438 4379 rorrrueandre
454 4327 559 4395 synod.
581 4325 631 4379 Vix
651 4332 740 4378 autem
753 4322 832 4386 iidem
849 4319 997 4374 adldbuero
1009 4318 1049 4372 le·
1098 4318 1245 4386 instabiles,
1260 4320 1331 4390 qaod
1348 4325 1442 4391 paucis
1452 4328 1643 4397 perstringam.
1659 4324 1869 4389 namnetem

256 4390 327 4460 pillis
349 4393 409 4447 istis
426 4395 598 4450 historiarum
612 4392 788 4474 scriptoribus
802 4389 906 4445 Eccles.
920 4389 1045 4454 Romam,
1097 4390 1237 4459 exemplar
1258 4390 1338 4460 hujus
1356 4392 1417 4448 iibri
1439 4402 1585 4460 vetustam,
1610 4396 1637 4451 in
1663 4394 1758 4465 templo
1769 4385 1868 4461 quadani

257 4476 318 4527 quar
340 4464 363 4515 si
390 4471 445 4517 tum
466 4479 527 4518 tneo
545 4463 648 4530 jndicio
669 4471 801 4532 tmegram
822 4475 876 4513 non
900 4458 1049 4522 terrain,
1098 4459 1201 4527 maiore
1218 4461 1410 4531 augustissimo
1433 4479 1466 4519 ae
1486 4466 1569 4520 totins
1585 4465 1680 4522 Galliae
1701 4463 1755 4519 anti
1773 4455 1869 4513 nissimt

257 4541 332 4586 erte
350 4533 463 4585 multem
483 4534 618 4587 reiciebat
635 4533 753 4601 antiquae
774 4529 979 4593 sandhuoniae,
1000 4543 1049 4583 ro-
1062 4511 1087 4570 Ῑ)
1100 4538 1256 4597 repertum,
1274 4532 1344 4587 idem
1363 4532 1444 4588 habet
1460 4536 1557 4589 summi
1569 4535 1706 4606 pontilicis
1744 4534 1750 4545 '
1779 4524 1867 4583 iotheffl

258 4598 341 4656 luisse
364 4610 418 4654 taur
440 4602 491 4657 leti
505 4605 538 4657 de
558 4618 640 4657 carta
654 4602 786 4672 imagines
803 4598 937 4668 antpleeti.
956 4598 1048 4664 Quod
1096 4598 1264 4668 elegantibus
1282 4609 1309 4656 et
1327 4602 1424 4670 priscis
1436 4603 1673 4673 tangebat-domn
1687 4592 1868 4660 eharaelttlills

258 4683 311 4738 que
326 4669 449 4725 dictitant
465 4672 538 4727 illius
559 4671 727 4741 tempestatis
751 4670 905 4739 pontilices,
924 4668 1049 4724 eotreiliis
1096 4678 1255 4735 exaratum,
1275 4678 1304 4724 ut
1317 4671 1483 4742 Augustinus
1503 4675 1652 4739 steuchus,
1674 4675 1700 4729 ei
1720 4663 1868 4728 piniadae»)

258 4747 340 4806 aeque
372 4740 490 4797 decretis
522 4742 679 4796 adremmos
708 4740 806 4805 irrisae,
838 4738 1048 4807 imperatoribus
1095 4738 1248 4821 praelectus,
1261 4748 1374 4796 testatur
1387 4742 1630 4815 inoperetttonon
1643 4745 1679 4799 ita
1693 4742 1790 4813 pridem
1798 4729 1867 4812 adita

258 4822 305 4862 eas
320 4809 525 4867 deturbautibus
548 4810 626 4880 ineius
643 4810 725 4866 libelli
749 4818 908 4879 argumento
920 4823 972 4863 non
990 4824 1048 4861 ma·
1096 4825 1124 4863 m
1139 4823 1196 4863 rem
1209 4808 1392 4867 Conmantiuae
1407 4813 1559 4870 donationis
1574 4816 1703 4870 aduersus
1714 4809 1866 4866 umentem

278 4893 379 4948 tepere
404 4882 593 4951 refragabitur,
620 4897 674 4952 qao
693 4881 771 4936 nobis
792 4887 904 4949 apparet
927 4879 1046 4932 Franco·
1097 4877 1200 4934 Veliam
1215 4894 1223 4934 s
1240 4878 1316 4949 cujas
1336 4881 1499 4953 eaentplaris
1517 4894 1597 4956 caput
1609 4872 1863 4939 sertutrtadt‘tttillll

288 4950 388 5004 rdiensi
410 4953 554 5006 courentoi
566 4969 641 5022 prpe
665 4952 767 5021 legatos
781 4948 947 5012 interfuisse,
965 4955 1049 5016 stqrte
1097 4948 1277 5020 transcripsit,
1299 4950 1371 5020 qood
1385 4966 1472 5022 neque
1485 4951 1593 5009 aliunde
1611 4953 1729 5009 mutuari
1746 4953 1788 5002 ιιι
1803 4949 1866 4994 eom·

258 5031 292 5072 ιο
314 5019 458 5077 damnatas
477 5022 646 5093 reiectasque
661 5021 794 5091 imagines
805 5021 876 5089 quod
895 5018 929 5073 ad
953 5033 1051 5073 earum.
1097 5017 1203 5074 minisci
1223 5020 1362 5090 quivisset.
1383 5021 1491 5090 littinet
1505 5024 1561 5094 ipsa
1584 5024 1712 5080 tlictioae
1728 5017 1806 5091 styittt
1814 5016 1865 5061 eon

259 5088 360 5143 cultum
373 5092 479 5157 attinet,
491 5093 682 5163 bissenumque
692 5091 834 5147 concilium
846 5090 873 5143 ia
886 5088 912 5143 iti
923 5089 956 5143 de
969 5102 1046 5143 ιοιι·
1097 5086 1195 5143 librum
1210 5105 1266 5145 suar
1283 5092 1349 5145 satis
1362 5092 1516 5162 antiquitati
1531 5094 1649 5149 ιίιιιιιιι
1664 5114 1670 5148 :
1683 5103 1766 5159 noant
1781 5079 1865 5138 Μ·

257 5159 347 5238 posito
376 5173 573 5231 comparatum,
596 5171 626 5218 ιι
648 5162 790 5217 adoranda
816 5166 1045 5242 proponerentur,
1098 5166 1167 5212 reta
1181 5159 1305 5229 loquendi
1318 5161 1423 5216 ratione
1437 5162 1508 5218 itlius
1520 5163 1609 5218 mlada
1621 5165 1786 5233 scriptoram·
1798 5149 1866 5220 ΕΜ

260 5229 399 5308 mouente
418 5240 448 5286 et
460 5234 630 5302 antiquatum
647 5250 653 5287 ι
673 5243 754 5302 atque
772 5239 953 5300 eomenptum
976 5229 1049 5283 bunc
1097 5229 1257 5284 mutuaturi
1272 5232 1463 5300 nemopoterit
1477 5234 1529 5288 boc
1546 5226 1865 5290 sembnatdmautsttt·

259 5296 378 5355 bretun
401 5302 487 5370 ipsius
503 5303 591 5358 Caroli
611 5302 698 5374 ilagui
724 5300 801 5356 titulo
823 5301 851 5355 in
866 5308 969 5370 partem
984 5314 1050 5352 ean-
1097 5306 1173 5368 ptom
1195 5314 1265 5356 esse.
1281 5299 1311 5354 ln
1327 5300 1381 5355 alio
1396 5311 1527 5372 praterea
1542 5319 1659 5370 musaeo,
1677 5312 1753 5371 sumt
1771 5288 1865 5362 motta}

261 5369 381 5435 trarism,
403 5387 458 5442 ouo
480 5373 543 5429 sirit
554 5372 663 5443 quidem
681 5372 826 5442 imperator
846 5370 899 5424 iura
920 5369 978 5422 ines
999 5382 1049 5437 pro
1098 5368 1180 5424 etiam
1201 5369 1327 5441 antiquo,
1347 5371 1471 5427 volumen
1490 5372 1599 5443 aliquod
1623 5372 1707 5445 reperi
1724 5362 1789 5437 qoud
1809 5348 1864 5409 bibl

260 5439 420 5508 tenrplorum
435 5445 601 5499 oruametrtis
618 5450 647 5498 et
665 5442 798 5511 tapetibus
815 5439 850 5495 ad
869 5387 1050 5494 reiteratam
1099 5437 1179 5494 lldem
1202 5439 1269 5495 lacit
1285 5440 1399 5496 solidam
1415 5456 1448 5498 ac
1461 5441 1585 5512 plenam,
1599 5453 1632 5499 ut
1647 5458 1676 5500 se
1692 5435 1798 5496 halebtl
1817 5433 1861 5499 aa.

260 5522 351 5590 return
363 5513 561 5580 praeteritarum
574 5513 747 5576 memoriam,
758 5511 831 5565 omni
851 5510 958 5564 illarum
972 5522 1050 5563 reve-
1098 5509 1225 5565 Continet
1237 5519 1338 5575 aulem,
1354 5521 1384 5565 ιι
1397 5512 1432 5565 ab
1450 5512 1513 5567 aliis
1526 5529 1559 5568 ne
1578 5515 1642 5569 odis
1651 5507 1787 5581 ‹liseedtllb
1797 5497 1865 5557 ΜΨ

260 5587 346 5632 rantra
371 5590 398 5635 et
412 5583 570 5639 adoratione
592 5583 684 5638 uetita.
703 5580 780 5649 Quod
798 5595 864 5635 tero
886 5581 944 5650 ipso
967 5592 1051 5646 opere
1099 5579 1207 5634 concilii
1218 5588 1289 5646 aeta,
1307 5595 1429 5636 seorsum
1441 5582 1475 5637 de
1486 5530 1599 5653 singuiis
1610 5585 1688 5639 rebus
1698 5581 1804 5646 tgtnllls
1813 5568 1863 5636 iu?

261 5646 402 5715 plurimam
428 5653 493 5708 lacit
511 5655 545 5710 de
561 5668 629 5723 papa
647 5653 766 5708 Adriano
787 5651 971 5712 mentionem,
988 5662 1051 5717 per·
1100 5647 1232 5706 coniectae
1245 5659 1274 5708 et
1292 5651 1409 5706 delinitae
1431 5649 1522 5719 luere,
1540 5654 1646 5723 istaqtrs
1665 5644 1772 5706 secunda
1790 5640 1863 5705 ’ΜΓ

261 5718 369 5797 suaderi
383 5736 435 5775 uon
448 5738 567 5793 possum
581 5724 668 5794 ipsum
683 5729 729 5778 aut
739 5722 888 5778 Romanam
900 5717 1050 5798 Ecclesiam
1101 5726 1180 5774 natur
1192 5720 1322 5787 materia;
1337 5720 1424 5790 prima
1438 5735 1511 5784 uera,
1529 5724 1639 5779 haeresis
1650 5716 1774 5778 Felicitan
1788 5723 1794 5759 τ
1809 5694 1862 5754 ¹⁸¹¹·

262 5785 343 5844 ahter
353 5792 480 5860 sensisse,
500 5792 629 5862 quidquid
643 5794 705 5850 honi
721 5793 764 5849 isti
779 5790 898 5847 chronici
913 5788 1047 5859 iactitant,
1101 5802 1153 5860 qua
1164 5789 1198 5846 ad
1215 5792 1393 5858 meouomiam
1414 5799 1441 5848 et
1463 5792 1582 5865 politiam
1595 5787 1732 5852 uthaurna
1745 5778 1861 5853 lliffiffl'
