4050 6192
168 319 224 376 trs
616 318 647 376 B.
666 317 792 377 utboni
811 315 918 376 ttltttd
936 314 1013 374 utu.
1032 315 1123 374 PARS
1141 317 1173 374 ll.
1195 316 1349 377 sucttot.
1742 323 1807 384 ,stu

167 439 258 504 potest
269 429 350 497 εείιε,
364 428 411 500 qul
423 428 491 485 nihil
503 430 574 485 salet
585 428 820 503 intelligentiam
834 431 920 500 pletzu
930 436 958 483 et
972 430 995 492 tl
1009 429 1100 486 uotiuis
1112 430 1224 500 suillum,
1243 432 1305 489 lidei
1321 442 1400 492 scuto
1416 450 1448 492 ac
1462 436 1537 494 verbi
1551 437 1599 494 itui
1613 437 1704 506 modio
1715 455 1809 500 srtrra·

168 523 252 579 tlmor
268 520 317 579 bet
336 535 390 591 qua
407 528 466 576 arte
482 521 534 577 sibi
550 521 674 592 copulata
691 523 760 587 sint,
778 522 825 593 qui
841 522 960 592 supsum
1010 525 1056 574 tus
1070 519 1199 577 resistere
1210 520 1310 586 stridet,
1330 531 1358 579 et
1370 533 1465 581 contra
1478 526 1544 584 titia
1565 529 1667 598 quibus
1681 542 1808 601 εεηεειε

167 613 291 685 explorat
307 611 388 669 laeilo
406 613 568 683 cognoscit:
587 612 650 683 quia
667 626 747 669 nemo
762 613 824 684 pins
837 620 889 677 εει,
907 612 960 668 nisi
1008 607 1111 666 diaboli
1124 610 1184 668 buc
1202 613 1326 670 mortalis
1340 614 1395 670 rita
1408 615 1529 686 quotidie
1546 619 1710 687 maotrlatnr,
1730 624 1809 693 qnasi

167 706 214 776 qul
232 702 366 776 indidem
384 703 433 760 ilei
453 702 586 770 timendo,
610 704 638 759 ia
656 718 686 760 sc
707 704 829 775 peccanti
848 702 961 762 dimittit
1010 708 1105 758 contra
1124 700 1328 774 lnimieiiacuis
1342 702 1509 763 fortiutlinis
1525 716 1658 765 armatur.
1672 707 1741 766 lium
1753 713 1810 784 spi-

167 798 304 868 proximo.
1011 789 1096 850 ritum
1115 790 1235 848 scientis
1258 790 1395 863 possidet,
1414 795 1538 865 quisqttis
1558 797 1687 858 domnici
1706 813 1810 857 memor

204 887 268 943 linc
284 894 388 957 εεειειιι
405 886 490 942 sancti
508 884 625 955 Spiritus
640 883 711 940 dona
728 883 797 940 sieut
813 883 842 939 in
859 882 962 940 sanctis
1010 881 1138 949 wnoepti
1154 879 1356 952 simplicitatem
1372 883 1504 943 nimbo
1516 893 1544 941 ει
1562 888 1735 957 prudentiam
1752 904 1811 946 ser·

167 977 296 1035 huntus
308 976 391 1033 luisse
403 976 517 1047 siugrrla,
531 975 571 1031 sic
582 972 857 1030 intlbdstuadnnata
870 972 962 1031 ειειιὶιι
1011 970 1206 1043 pentisbabct:
1220 971 1320 1043 quique
1333 974 1403 1029 inter
1414 975 1567 1032 consimilia
1580 976 1742 1047 diudcanu
1758 980 1811 1037 scit

167 1083 223 1125 non
242 1076 285 1124 est
300 1068 409 1123 mirum.
431 1064 501 1134 Quid
524 1065 597 1127 enim
620 1065 659 1121 illi
683 1080 717 1122 ex
738 1066 864 1122 omnibus
884 1064 963 1124 bouis
1012 1060 1157 1131 reprobare
1167 1061 1278 1128 matum,
1288 1070 1317 1118 et
1326 1063 1424 1135 eligere
1434 1064 1545 1122 bonurn
1558 1065 1636 1137 Saepe
1645 1070 1718 1144 enipi
1729 1071 1810 1126 mista

167 1159 262 1215 deesse
272 1158 370 1229 potuit,
387 1157 432 1228 qul
444 1157 536 1213 omnia
548 1157 618 1213 bona
631 1156 711 1213 sinui
720 1172 781 1213 cum
795 1157 877 1213 Putre
885 1169 963 1213 cm-
1012 1151 1092 1208 bonis
1105 1151 1175 1210 nats
1194 1151 1451 1224 inventorumque
1468 1153 1521 1214 nisi
1539 1156 1652 1214 scientis
1666 1157 1812 1215 dilllculter

167 1248 228 1303 rit?
248 1246 374 1318 Nuoqnid
394 1262 522 1319 magnum
539 1255 582 1302 est
599 1248 621 1308 si
636 1248 695 1304 bmc
713 1248 741 1304 in
759 1246 869 1304 Christo
887 1261 964 1302 mnn-
1012 1241 1213 1302 discernuntur.
1235 1241 1364 1315 Spiritum
1376 1259 1440 1300 vcro
1451 1245 1563 1315 pietatis
1585 1245 1624 1301 illi
1637 1247 1727 1303 inesse
1743 1247 1810 1305 dici-

167 1336 376 1401 sisscdicantur,
388 1336 416 1391 in
425 1352 477 1406 qno
487 1338 577 1396 uronis
587 1337 724 1408 plenitudo
735 1338 965 1394 divinitatisinba·
1015 1346 1087 1398 mut.
1104 1333 1150 1404 tuti
1162 1331 1296 1392 dotuinitu
1309 1343 1443 1405 precepta
1455 1350 1511 1392 uun
1520 1335 1631 1402 oblitus,
1644 1336 1673 1392 in
1685 1352 1716 1394 se
1725 1337 1812 1393 delin-

165 1424 255 1480 bitare
266 1424 457 1495 cognoscitur!
468 1424 594 1496 Nunquid
606 1442 732 1498 magnum
746 1434 798 1494 est,
812 1428 876 1485 sica
887 1425 964 1499 quasi
1014 1423 1108 1496 ειιειιιὶ
1132 1422 1244 1482 dimittit
1264 1425 1388 1496 monimo
1409 1439 1421 1484 ι
1440 1432 1468 1480 ει
1486 1440 1542 1484 nou
1560 1433 1666 1482 tantun
1685 1426 1714 1485 in
1731 1426 1811 1495 alius,

167 1529 219 1587 pro
234 1528 346 1569 munere
359 1514 480 1573 ascribas
494 1514 621 1582 Domino,
635 1531 696 1586 qus
714 1516 858 1588 diligenter
872 1522 964 1578 consi-
1014 1515 1063 1573 ted
1082 1516 1165 1572 etiam
1186 1513 1214 1570 in
1233 1515 1407 1585 semetipsum
1422 1513 1525 1585 iustam
1543 1525 1653 1574 exercet
1667 1515 1811 1587 pietatem

167 1604 268 1662 derum
285 1603 405 1664 invenies
416 1604 445 1660 in
460 1619 539 1665 seruo
549 1605 562 1660 l
572 1605 697 1677 Nunquil
709 1608 751 1664 bis
766 1616 870 1667 brutum
886 1610 965 1668 donis
1015 1607 1078 1677 quia
1090 1605 1192 1677 probus
1207 1605 1321 1676 quisque
1331 1620 1428 1662 curere
1441 1605 1533 1674 debet,
1545 1621 1579 1664 ne
1589 1606 1653 1664 dum
1669 1622 1719 1664 suo
1735 1608 1813 1665 debi-

166 1703 260 1767 potest
273 1694 414 1754 sublimari
427 1696 569 1764 Dominus,
581 1698 678 1769 quibus
688 1715 786 1758 carens
797 1718 853 1760 non
863 1712 906 1762 est
917 1704 966 1762 bo-
1016 1698 1070 1754 iori
1080 1695 1239 1754 dimittendi)
1249 1697 1349 1754 mlum
1359 1697 1452 1753 existit
1462 1699 1534 1769 illitu,
1548 1713 1598 1758 tut
1605 1716 1659 1756 nun
1671 1700 1813 1758 tritttetttltt

168 1804 223 1845 nus
239 1789 445 1852 servusibbsit
458 1798 487 1847 ut
501 1791 544 1851 bis
556 1799 661 1852 tantum
680 1793 794 1865 gloriam
814 1791 873 1864 eius
888 1795 965 1852 diea-
981 1789 1046 1854 Biu
1065 1788 1210 1859 semetipso
1229 1788 1329 1843 existat
1345 1788 1454 1858 impius.
1474 1787 1578 1860 Spiritu
1594 1797 1686 1846 autem
1706 1790 1815 1847 timoris

169 1887 462 1948 musconsummatsm,
475 1880 787 1956 cujusmassuilloentiam
797 1899 878 1957 supra
889 1899 970 1944 omne
1020 1877 1128 1937 bomin
1146 1876 1221 1934 illum
1236 1876 1352 1934 dicimus
1363 1877 1552 1948 adimpletum,
1567 1881 1613 1950 qui
1623 1878 1753 1949 iuditium
1763 1881 1814 1937 Μ
1838 1916 1842 1922 ·

168 1970 242 2040 quud
261 1970 362 2030 dieitur
375 1980 421 2028 aut
434 1973 604 2039 nominatur,
631 1975 688 2030 sire
708 1974 736 2035 in
757 1974 841 2044 ooelu,
864 1975 921 2036 sitc
941 1976 970 2033 in
1021 1970 1451 2038 tununnnuntundetectattone
1468 1973 1545 2043 regni
1563 1972 1683 2029 uoelcstis
1692 1973 1815 2036 munis·

170 2060 391 2126 torraursdinnts
404 2062 593 2120 sublevatam?
605 2061 778 2135 Νεειιεειιίιε
791 2079 972 2125 sensuscom-
1020 2064 1202 2132 cerustndet,
1216 2079 1296 2135 quam
1311 2063 1409 2120 timore
1426 2065 1557 2136 pubertate
1570 2064 1639 2120 malr
1656 2073 1816 2135 perpetrare

168 2152 406 2228 prebenderesut
419 2168 511 2211 sermo
519 2155 619 2225 poterit
631 2154 777 2227 explicare,
792 2164 889 2226 quaeet
900 2172 970 2227 qna·
1020 2175 1077 2218 non
1092 2157 1173 2220 undet
1186 2174 1194 2211 ε
1209 2167 1237 2212 ει
1254 2156 1294 2216 sic
1311 2153 1411 2227 gaudet
1428 2156 1462 2212 de
1480 2156 1659 2226 promissione
1678 2164 1816 2227 perpetum

169 2245 219 2311 lia,
233 2244 275 2301 rel
288 2254 391 2316 ouuuta
403 2245 459 2306 siut
469 2261 531 2317 quae
545 2244 604 2316 ejus
615 2245 731 2306 debeant
748 2248 847 2304 sseribi
864 2249 968 2319 glorie,
1021 2252 1094 2317 situ,
1112 2257 1143 2305 ut
1156 2247 1214 2310 non,
1223 2248 1315 2306 miuus
1327 2247 1421 2302 timeat
1433 2246 1465 2304 dc
1479 2246 1611 2318 supplicio
1623 2247 1817 2317 perennisptn-

170 2334 218 2404 eoi
230 2350 291 2389 enm
306 2334 387 2396 Patre
402 2341 431 2397 et
443 2333 547 2409 Spiritu
560 2342 657 2391 sancto
669 2334 735 2396 ririt
747 2343 776 2392 ct
788 2346 883 2409 regnat
899 2337 971 2396 licus
1020 2357 1074 2408 nae,
1091 2348 1173 2411 atque
1186 2340 1242 2396 buc
1253 2338 1352 2411 spiritu
1378 2347 1555 2412 compunctus
1568 2337 1689 2393 detestat
1702 2353 1718 2393 a
1731 2338 1815 2406 nab,

169 2425 230 2483 siue
243 2423 307 2484 dne.
320 2423 373 2481 Sed
388 2423 449 2482 ideo
461 2425 520 2487 buc
530 2435 559 2484 et
573 2426 600 2484 iu
619 2425 746 2485 Patribus
764 2428 880 2501 singula,
901 2436 930 2485 ct
941 2428 970 2485 in
1020 2442 1049 2490 et
1060 2431 1143 2489 iaciat
1154 2432 1265 2489 bunum.

170 2515 281 2575 Cirristo
292 2516 376 2578 simui
387 2516 478 2572 omnia
491 2532 544 2573 nou
556 2517 696 2584 miramur,
715 2518 778 2589 quis
793 2518 969 2592 indiscipulis
1056 2523 1134 2580 llunc
1155 2529 1279 2579 sanctum
1297 2519 1571 2591 septiformis-gratie
1588 2518 1723 2589 Spiritum
1739 2527 1768 2576 et
1786 2519 1816 2576 in

170 2609 232 2682 eius
243 2625 293 2684 per
312 2610 434 2684 singulos
450 2610 556 2685 singula
573 2615 736 2688 computari,
749 2621 778 2671 et
791 2615 818 2671 in
837 2616 918 2673 Petro
930 2616 969 2673 si·
1020 2617 1146 2674 Patribus
1156 2623 1185 2672 et
1198 2615 1227 2672 in
1239 2613 1371 2685 apostolis.
1380 2611 1476 2676 luisse,
1486 2619 1514 2666 et
1526 2627 1598 2667 nunc
1610 2611 1637 2668 in
1648 2620 1749 2669 sunctae
1760 2627 1817 2668 ms-

163 2703 229 2788 ‚toul
248 2703 343 2766 onnia
363 2712 478 2776 possum
495 2704 621 2766 inueniri.
647 2703 807 2783 eunomiam
824 2705 920 2763 mdem
941 2706 970 2763 iu
1020 2709 1072 2765 tris
1091 2706 1220 2764 Bedesis
1239 2704 1324 2772 lbos,
1338 2704 1389 2776 qni
1403 2703 1432 2761 in
1451 2701 1561 2760 cbristo
1573 2702 1692 2773 qoutidie
1706 2703 1734 2759 in
1747 2718 1816 2775 sup-

171 2794 282 2855 Gbristo
300 2794 380 2868 longe
398 2794 479 2857 aliter
494 2811 576 2869 quarn
593 2796 625 2854 iu
640 2798 748 2855 ειειεήε
766 2797 870 2855 sanctis
886 2797 971 2855 fusse
1020 2806 1142 2856 meritum
1162 2795 1252 2868 populi
1267 2796 1310 2852 sul
1323 2795 1619 2862 renascuntur,dirlno
1634 2807 1745 2850 munere
1758 2809 1818 2850 ere-

172 2883 307 2946 ostem
320 2884 386 2950 sint.
406 2884 474 2941 Nam
488 2895 644 2944 sauctorum
662 2888 759 2959 urique
776 2904 828 2962 pru
840 2889 971 2946 varietate
1020 2890 1110 2947 dimus
1121 2888 1230 2960 inspira·
1239 2888 1258 2943 l.
1272 2886 1303 2942 ln
1315 2885 1424 2943 cbristo
1436 2902 1512 2954 reru,
1523 2896 1554 2944 ut
1564 2888 1747 2960 prediximus,
1757 2887 1818 2944 bsec

172 2973 342 3036 solsititium
353 2975 452 3044 lilibus
464 2974 597 3048 fragilitas
608 2973 725 3038 bumana
738 2984 970 3045 macarutnonc
1021 2977 1084 3041 talia
1103 2993 1157 3034 non
1171 2975 1317 3051 miramur,
1342 2974 1419 3045 cujus
1433 2977 1640 3035 intrucusitatem
1660 2978 1752 3050 glorie
1768 2977 1819 3033 bu·

173 3061 238 3130 boe,
248 3076 320 3120 nuuc
333 3062 400 3122 illud
410 3063 677 3127 donumscuudendu
693 3066 737 3123 vel
754 3066 905 3124 mulcato
923 3076 971 3124 sut
1020 3087 1101 3130 mana
1114 3083 1191 3127 meus
1206 3083 1260 3124 nou
1281 3068 1352 3124 valet
1369 3082 1513 3125 enarrare.
1528 3068 1594 3140 Qum
1613 3071 1685 3128 dona
1701 3069 1819 3141 qmttnr

173 3153 283 3220 flesse.
295 3162 343 3216 titt
351 3154 446 3214 abesse
460 3156 652 3226 wunueiturz
665 3155 775 3215 cbristo
786 3172 860 3225 vero,
875 3158 921 3229 uui
931 3155 1009 3218 estc
1024 3165 1053 3221 in
1067 3163 1113 3220 illu
1126 3161 1190 3227 sint,
1203 3174 1258 3232 quo
1268 3160 1340 3217 nnlio
1354 3159 1434 3217 modo
1445 3161 1580 3231 explicare
1592 3162 1721 3230 valemus,
1733 3166 1818 3217 restat

174 3244 322 3308 boirirtus
343 3253 372 3305 et
394 3244 443 3302 bei
464 3247 727 3324 sipontinensem
746 3249 833 3308 εειιειί
854 3248 972 3324 Spiritus
1022 3262 1055 3314 ut
1068 3252 1146 3310 nobis
1158 3250 1414 3307 cadonantilaudes
1425 3249 1565 3307 dicamus:

174 3336 341 3398 charismata
350 3336 434 3396 semel
448 3337 772 3408 veniendutlcoesset'tini‚
783 3347 811 3398 ei
825 3339 854 3398 in
862 3354 896 3398 00
907 3355 974 3401 utut·
1085 3363 1191 3419 arrisio,
1203 3358 1273 3413 salos
1283 3359 1379 3421 mundi,
1390 3366 1530 3411 sancimus
1542 3361 1619 3425 gioria
1630 3374 1731 3426 pepo,

174 3444 257 3499 quarn
271 3430 420 3487 recedenda
434 3438 654 3502 perimerunt,
1116 3425 1154 3480 su
1165 3426 1209 3474 tibi
1222 3424 1275 3474 taus
1285 3433 1312 3473 ει
1323 3425 1401 3473 ιιυεει
1411 3436 1511 3486 semper
1523 3427 1549 3475 lo
1561 3437 1620 3474 erce
1634 3423 1693 3489 poli.

212 3520 268 3577 Sed
280 3521 344 3598 quid
359 3522 417 3584 ltaeo
428 3522 462 3579 de
476 3523 639 3594 patrisrebis
655 3533 684 3582 et
697 3525 827 3596 apostulis
839 3525 976 3582 dicimus?
1155 3528 1269 3586 iteretis
1282 3529 1367 3601 prutiu
1380 3527 1539 3599 septiformis
1557 3526 1683 3598 Spiritus.

176 3626 239 3672 tutu
257 3628 345 3683 ιιειιιιε
359 3629 431 3678 manc
448 3613 622 3679 dissblendum
638 3616 676 3677 sit
689 3617 782 3690 plures
799 3618 974 3689 quotidiein·
1060 3620 1180 3693 Spiritus
1193 3619 1334 3691 sapientie
1348 3616 1400 3674 luit
1422 3617 1449 3673 in
1469 3617 1568 3683 Petro,
1592 3617 1700 3688 quando
1716 3615 1823 3676 relictis

176 3716 220 3764 tra
233 3715 335 3771 moute
346 3707 580 3772 mutrisEoeiesiu
591 3709 681 3771 situum
698 3725 778 3782 posse
792 3710 914 3782 reperiri,
926 3709 974 3783 qul
1024 3716 1128 3773 retibus
1147 3719 1176 3768 et
1194 3707 1257 3770 uari
1272 3718 1382 3766 secuttu
1397 3716 1440 3766 cst
1453 3705 1607 3764 bominum.
1627 3705 1757 3778 Spiritum
1774 3708 1819 3763 in-

175 3798 222 3856 ret
238 3799 420 3870 dandisrcl
432 3800 555 3877 pluribus
569 3803 659 3864 sancti
677 3802 795 3876 Spiritus
819 3803 900 3864 donis
918 3805 974 3866 siut
1025 3802 1257 3864 tetbemsbnbntt
1269 3801 1391 3873 mundo,
1405 3800 1521 3860 ὓειιιίιιε
1535 3801 1718 3871 interrogante
1737 3816 1820 3871 prem

175 3891 266 3952 uisu
279 3892 454 3955 domemur
466 3894 571 3964 estqui
594 3895 623 3952 lu
634 3909 664 3952 ss
683 3895 881 3954 oonldeutibus
903 3910 975 3968 pra·
1025 3896 1219 3955 bomiucsesse
1229 3891 1351 3948 dicerent
1367 3889 1464 3946 Filium
1478 3889 1611 3956 bominis,
1625 3888 1764 3944 Christum
1775 3886 1822 3944 Fi-

175 3982 293 4046 sentiunt
305 3997 382 4046 nunu
396 3982 527 4054 usquead
540 3986 800 4047 consummationem
813 3985 903 4044 snum
912 3999 975 4056 pro·
1025 3989 1091 4048 linm
1105 3985 1153 4044 liei
1169 3985 1225 4044 riri
1237 3998 1298 4040 esse
1310 3990 1339 4039 et
1352 3982 1484 4039 intellexit
1495 3990 1523 4036 et
1538 3980 1686 4053 respondit.
1702 3980 1821 4052 Spiritum

176 4074 252 4136 nsit
273 4090 327 4138 εεε
342 4074 510 4142 delaturum,
525 4090 580 4146 qino
596 4083 624 4136 et
641 4077 781 4138 nobiseum
802 4075 875 4132 etin
895 4075 975 4134 nobis
1025 4078 1132 4137 consilii
1151 4084 1210 4133 erut
1229 4075 1257 4130 iu
1271 4074 1327 4140 illo,
1348 4074 1455 4144 quaudo
1476 4073 1579 4129 Sinroni
1592 4072 1734 4144 pecuniam
1755 4070 1822 4128 olle-

176 4178 285 4237 suutper
299 4173 435 4238 manente,
451 4180 625 4235 nequaquam
631 4174 726 4223 sancto
739 4166 905 4237 septilomtis
915 4181 977 4238 xrs·
1026 4168 1112 4232 renti,
1129 4166 1215 4225 uncti
1229 4164 1345 4235 Spiritus
1356 4164 1470 4236 gratiam
1485 4163 1600 4218 rendere
1614 4160 1718 4227 nolens,
1734 4162 1822 4232 ipsum

176 4256 223 4313 tite
235 4255 342 4328 Spiritu
350 4257 513 4322 carebimus,
526 4257 746 4327 qrricunctururn
759 4257 914 4329 largitorem
928 4259 976 4314 bo-
1027 4258 1165 4317 Simonem
1177 4272 1238 4313 cum
1251 4254 1364 4327 pecunia
1385 4269 1433 4309 sua
1448 4253 1475 4311 tn
1488 4251 1666 4325 perditionem
1680 4253 1720 4308 ire
1728 4250 1821 4321 jussit.

177 4364 276 4406 norum
290 4348 426 4408 credendo
441 4355 471 4404 et
483 4348 553 4410 bene
573 4348 696 4410 iaciendo
709 4349 889 4419 possidemus.
910 4347 974 4420 Spi-
1027 4352 1159 4425 Spiritum
1171 4349 1336 4408 tortitudinis
1349 4350 1455 4415 babuit,
1468 4349 1576 4420 quando
1594 4358 1720 4419 exempto
1732 4350 1822 4421 p'alio

176 4439 232 4499 ritu
249 4439 352 4496 etenim
368 4439 507 4513 sapientire
527 4439 711 4512 neritonum
729 4438 808 4494 idem
826 4444 927 4498 sanctu
947 4445 976 4493 et
1028 4444 1175 4501 anriurtam
1194 4443 1280 4498 blulco
1298 4440 1419 4497 abstubt.
1440 4440 1571 4511 Spiritum
1591 4441 1713 4497 scientiae
1730 4456 1823 4511 posso-

177 4527 323 4593 ittdit‘ltlttae
338 4528 549 4588 Trinitatistum
563 4528 597 4584 ιιι
618 4530 659 4585 sui
676 4544 758 4600 quum
779 4528 894 4592 allorum
915 4543 978 4599 litu
990 4517 1017 4581 Β
1028 4536 1078 4603 dit,
1092 4550 1153 4592 cum
1171 4532 1278 4591 cureris
1289 4531 1428 4602 discipulis
1443 4532 1471 4587 in
1485 4532 1547 4587 nati
1568 4530 1755 4588 dubitantibus
1770 4531 1824 4586 llo-

178 4619 284 4682 iscium.
294 4617 416 4680 ediscere
429 4619 525 4682 bit'ttttr
538 4628 568 4680 ut
580 4635 628 4690 per
649 4621 719 4683 Ιιιιιιε
736 4628 765 4676 el
778 4620 912 4682 lundein
934 4634 977 4675 re-
1027 4629 1129 4684 mlnum
1141 4638 1202 4679 esse
1212 4621 1349 4693 cognorit.
1363 4620 1481 4691 Spiritus
1495 4620 1604 4692 pietatis
1616 4635 1676 4677 cum
1688 4620 1733 4676 illo
1752 4625 1822 4683 urst,

177 4711 667 4777 sistemetsuusratentoontlrnnre.
680 4715 810 4786 Spiritum
823 4716 977 4776 intellectus
1026 4712 1135 4787 quando
1157 4712 1299 4769 ὓειείειιει
1314 4723 1455 4781 quousque
1467 4708 1543 4765 iratri
1559 4709 1587 4765 iu
1600 4724 1630 4765 se
1639 4710 1763 4781 peccanti
1782 4707 1825 4765 di-

179 4804 323 4875 ructuat
335 4803 427 4866 ditius
441 4807 708 4881 minantibus,
726 4823 807 4878 quum
823 4807 975 4868 εεεεεεειίι
1026 4809 1136 4864 mittere
1162 4803 1299 4860 debuisset
1321 4801 1504 4872 interrogavit.
1520 4799 1623 4871 Spiritu
1647 4798 1753 4856 timoris
1771 4798 1825 4852 bo

179 4896 328 4954 siccorum
349 4897 470 4969 oogttitiu
492 4910 578 4958 seusu,
593 4899 683 4955 cordis
705 4895 974 4969 percipientium
1025 4899 1094 4957 mini
1105 4896 1200 4967 plenus
1211 4901 1282 4959 erat,
1294 4892 1402 4964 quando
1414 4893 1472 4948 risu
1491 4890 1606 4961 piscium
1622 4888 1752 4944 miraculo
1762 4902 1827 4944 cuu-

180 4990 288 5050 beatum
309 4986 449 5058 iacobum,
466 5006 519 5052 trun
532 4990 679 5050 oblinimus.
691 4991 797 5052 auditor
817 4991 914 5068 inetur,
928 4988 976 5046 sed
1029 4993 1176 5051 sternutus,
1191 4982 1224 5039 ad
1240 4983 1381 5041 Dominum
1392 4981 1519 5039 dicebatz
1533 4982 1584 5040 Exi
1598 4997 1615 5038 s
1628 4994 1682 5047 mc,
1700 4979 1824 5045 nornine,

180 5089 307 5150 operator
319 5089 502 5146 strennuum
517 5095 576 5151 quae
590 5081 723 5141 intellexit
735 5079 876 5147 inlaudata,
888 5078 977 5137 surlet
1029 5080 1094 5158 quia
1108 5080 1190 5144 bomo
1204 5084 1331 5148 peccatur
1344 5091 1405 5130 sum
1423 5088 1484 5146 ego.

181 5178 210 5226 ut
224 5186 239 5223 s
254 5184 284 5224 se
295 5168 361 5228 datii
371 5184 451 5239 quam
464 5169 636 5241 integerrime
645 5171 790 5232 custodiis.
804 5169 906 5241 Spiritu
916 5184 979 5228 con-
1342 5165 1409 5229 item
1424 5167 1511 5223 aliter.

181 5259 235 5319 silli
247 5260 328 5330 viget,
344 5261 390 5329 qni
407 5258 434 5315 in
449 5261 555 5320 cunctis
567 5276 627 5336 qne
639 5274 718 5331 agere
730 5258 858 5337 disponit,
874 5277 909 5315 an
920 5260 978 5324 baec
1065 5261 1183 5336 Spiritus
1202 5257 1341 5330 sapientie
1357 5255 1409 5313 luit
1422 5258 1450 5315 in
1461 5255 1583 5320 Andrus,
1604 5252 1656 5311 luit
1668 5261 1697 5310 et
1716 5253 1743 5310 in
1763 5251 1827 5309 titis

182 5350 240 5412 ileo
266 5350 322 5405 sint
340 5350 471 5421 placitura
492 5353 650 5429 praecogitat
667 5370 674 5407 ε
696 5354 793 5411 rnclius
818 5354 978 5410 existimans
1030 5352 1162 5417 zebedei,
1176 5349 1283 5422 qnando
1303 5349 1427 5405 similiter
1440 5356 1472 5410 nt
1492 5348 1590 5404 Petrus
1602 5346 1705 5401 relictis
1723 5344 1827 5399 retibus

183 5452 244 5510 quse
255 5447 283 5493 ct
295 5438 412 5508 qrraliter
422 5439 525 5513 agenda
538 5449 601 5500 sunt
618 5442 700 5514 prius.
708 5444 795 5505 tacite-
806 5442 978 5508 considerare
1029 5452 1057 5500 ut
1066 5443 1128 5506 nati
1139 5443 1224 5506 seculi
1236 5448 1303 5502 sunt
1316 5439 1469 5500 [lominum.
1483 5437 1599 5510 spitittts
1613 5435 1766 5491 intellectus
1775 5431 1827 5487 luit

184 5542 266 5598 quum
286 5529 387 5599 aliquid
401 5532 552 5590 inconsulte
570 5534 712 5599 iuebuare,
727 5534 799 5589 unde
817 5548 879 5594 euru
894 5534 981 5605 pieni·
1030 5535 1185 5599 itribonru,
1200 5533 1308 5606 quando
1322 5532 1437 5603 palpatis
1448 5530 1605 5592 uulneribus
1617 5526 1770 5588 demittitis.
1784 5524 1825 5593 ’ψ-

186 5621 269 5681 ιειιιίε
284 5632 364 5694 cogat
376 5626 411 5680 ab
422 5627 540 5697 incoepto
552 5625 693 5683 desistere.
708 5626 884 5683 Fortitudinis
898 5626 980 5698 spiri·
1031 5643 1091 5685 sum
1109 5627 1194 5682 Deum
1215 5634 1243 5682 et
1257 5625 1399 5681 boninum
1420 5637 1498 5680 suum
1511 5619 1705 5685 distullerit,
1724 5624 1824 5685 ctpm·

189 5727 246 5782 snat
263 5717 353 5812 ιιιῦιι,
369 5720 522 5795 «irrisusque
536 5721 643 5780 diabolo
658 5730 685 5778 et
698 5721 827 5780 membris
839 5719 914 5788 cius.
926 5719 981 5782 boe·
1032 5719 1120 5781 iossus
1133 5724 1185 5775 cst.
1202 5716 1319 5793 Spiritus
1332 5714 1437 5773 consilii
1452 5712 1550 5776 eratin
1561 5710 1667 5776 emittit
1687 5696 1828 5781 ΰιδιὶιιώ*
