4050 6192
290 312 343 367 ror
731 307 1124 368 amnemamnem.
1144 305 1473 380 erasuseenont
1844 265 1890 384 pp

290 426 438 495 mtduueet
450 422 610 492 patrimonia
623 438 673 494 pro
688 423 807 480 remedio
826 422 915 478 anime
930 430 1031 485 nostre,
1049 429 1078 477 ct
1092 423 1114 480 ll
1128 419 1329 476 suecessoribus
1355 419 1456 474 uostris
1482 433 1531 488 per
1554 420 1691 490 modest
1714 439 1879 499 armunensem

292 495 338 549 tilii
350 493 445 559 nostri,
457 494 515 548 sire
523 501 663 562 pareutum
674 500 839 556 nostrorum,
849 507 880 547 ae
890 505 1077 547 successorum
1128 490 1185 545 sire
1199 488 1435 552 machinationem,
1448 489 1475 543 in
1488 504 1657 560 quacumque
1671 502 1742 560 parte
1758 480 1890 574 renmpd’

291 574 455 623 nostrorum.
469 573 497 617 et
512 578 562 631 pro
578 573 676 619 ornem
696 579 713 618 a
733 563 788 618 lieo
807 571 976 627 conservato,
998 570 1079 631 atque
1129 567 1213 614 testas
1224 549 1411 621 imminuatur,
1425 558 1576 631 auta[aut
1588 557 1639 643 da]
1652 562 1724 617 robis
1737 566 1792 623 iun
1805 572 1891 641 alipotd

290 632 650 689 mascemudoFrancomm
663 629 862 704 populo⁸,jam
880 631 952 688 dicte
965 630 1080 686 ecclesie
1129 628 1317 691 subtrabatur,
1342 629 1375 683 de
1397 630 1587 698 suprascriptis
1612 629 1731 687 uidelicet
1773 640 1892 710 maincila,

293 704 425 759 tuebeate
433 702 514 757 Petre
526 703 647 771 apostole
659 713 686 759 et
703 718 751 773 per
767 711 794 758 te
809 701 909 757 sicario
925 710 981 765 tuo,
999 700 1080 783 spiri-
1128 698 1250 780 urbibus,
1266 698 1430 760 ciuitatibus,
1446 698 1562 768 oppidis,
1572 700 1678 764 castris,
1694 703 1735 758 rie
1762 706 1791 770 is,
1802 709 1892 779 insulis,

292 772 358 828 tuali
369 772 441 841 patri
452 780 544 827 nostro
558 770 648 827 donno
662 771 760 828 loanni
777 786 882 827 summo
902 771 1033 840 pontificu,
1052 778 1083 825 et
1129 768 1287 833 territoriis,
1304 775 1385 838 atque
1405 768 1590 837 patrimoniis;
1618 781 1719 825 necnon
1739 781 1764 828 et
1777 779 1894 845 pensant.

292 840 479 910 onirersclipa
516 841 950 923 ,eiusquesuccessoribususqne
961 841 987 894 in
998 839 1080 895 linem
1129 838 1189 901 bus,
1206 845 1288 907 atquo
1303 837 1445 902 censibus3
1463 838 1500 892 ita
1518 845 1548 893 ut
1570 845 1657 909 neque
1668 847 1716 895 nos
1727 843 1852 903 caiaetud
1864 851 1895 906 ri.

291 911 473 994 seculicomu
518 912 718 996 contla-mamus,
730 912 795 966 utin
805 926 854 965 suo
863 908 1079 977 detmeautjure,
1130 923 1199 989 mus,
1214 907 1476 1049 ιιοιὲιὲοῖιιίιιιιιιιιιοι
1491 922 1523 963 ca
1544 907 1787 998 iacemuolcntibns
1799 930 1904 975 rom„

292 981 763 1119 prgffitrkwadrgrrpeeufflenggm
781 1017 956 1129 delegationis
970 1047 1081 1131 paetum
1130 985 1237 1108 {unffi
1254 986 1302 1101 estt
1315 976 1898 1135 pmcpeo'trucffffi’uffipuffiffi

291 1118 483 1174 confirmamus
494 1119 652 1175 donationes
665 1136 733 1190 quas
744 1120 788 1190 pie
801 1118 997 1174 reeordationis
1015 1119 1082 1174 dou-
1130 1116 1225 1180 stella,
1251 1117 1404 1179 territoria,
1429 1125 1457 1171 et
1485 1118 1661 1185 patrimonia,
1688 1127 1765 1189 atque
1785 1125 1895 1180 rrrsularr

291 1204 342 1243 nus
355 1188 627 1271 PipinuslPippinus]
643 1197 842 1258 renumerata
859 1189 963 1243 donum
985 1188 1082 1243 ilarius
1132 1183 1271 1268 [insulari
1293 1199 1461 1255 consumme,
1474 1194 1504 1268 et
1515 1188 1658 1255 pensiones
1671 1188 1703 1242 ad
1717 1199 1813 1258 partem
1825 1195 1898 1250 sedo

290 1257 510 1314 excellentissimi
522 1268 698 1328 imperatores
706 1258 1083 1331 [excellentissimusimpera-
1131 1269 1171 1308 sre
1194 1255 1265 1310 beatr
1283 1253 1355 1309 Petri
1367 1256 1492 1324 apostola,
1512 1261 1594 1326 atque
1605 1257 1757 1325 pontideum
1780 1261 1804 1315 in
1822 1277 1899 1318 sacra-

293 1325 346 1398 tor]
362 1341 373 1367 ⁰
387 1329 467 1384 beato
485 1328 516 1383 P.
532 1326 636 1400 [Petro]
651 1329 772 1399 apostolo
784 1337 931 1396 spontanea
944 1328 1083 1383 uoluntate
1132 1325 1235 1384 tissima
1255 1324 1318 1380 sede
1332 1323 1404 1380 illius
1450 1325 1505 1396 εξ
1524 1326 1699 1381 residentium
1719 1343 1775 1393 nos,
1790 1331 1815 1384 in
1844 1348 1899 1387 usu

292 1397 599 1453 contulerunttnecnon
616 1406 645 1453 et
664 1413 785 1464 censum,
801 1396 842 1451 rel
853 1396 1021 1465 pensionem,
1034 1411 1082 1451 sou
1132 1404 1190 1449 tum
1216 1407 1368 1476 mamus,
1437 1409 1550 1450 euscres
1566 1409 1627 1450 esse
1651 1402 1779 1453 testanmr
1792 1417 1799 1453 ι
1812 1345 1843 1455 aa
1857 1402 1900 1458 bae

291 1475 398 1522 ceteras
412 1467 544 1532 dationes,
570 1482 623 1535 que
645 1467 784 1522 annuatim
805 1467 832 1520 in
857 1465 985 1534 palatium
1010 1467 1083 1548 regis
1132 1471 1245 1519 utmru
1262 1463 1333 1519 rllrus
1346 1463 1448 1519 ditione
1467 1464 1501 1519 ad
1512 1466 1659 1531 utendum,
1675 1474 1702 1521 et
1713 1465 1900 1535 fruendumat.

292 1535 531 1606 longobardomm
557 1535 650 1592 iulerri
672 1537 809 1602 solebant,
836 1535 894 1589 sire
917 1535 950 1591 de
973 1535 1081 1600 Tuscus,
1132 1547 1184 1601 que
1197 1532 1391 1602 disponendum
1402 1533 1517 1588 tirmiter
1527 1534 1637 1589 valeam
1647 1536 1769 1605 optineri.

292 1606 350 1661 siue
362 1606 505 1660 deducatu
519 1604 667 1674 Spolitano,
679 1607 749 1663 sicut
761 1607 788 1659 in
801 1605 991 1674 suprascriptis
1000 1606 1084 1661 donc-
1169 1601 1250 1656 Salva
1267 1602 1294 1657 in
1309 1604 1433 1658 omnibus
1446 1610 1580 1673 potestate
1593 1613 1697 1672 nostra,
1717 1615 1745 1660 et
1761 1606 1814 1672 lllii,
1825 1617 1903 1678 poste-

293 1675 412 1732 ticuihus
425 1674 588 1740 continetur,
602 1685 631 1732 et
645 1677 715 1731 inter
728 1684 822 1731 sancte
841 1676 970 1729 memorie
988 1674 1085 1729 Adria·
1134 1686 1281 1754 rerumque
1294 1678 1457 1739 nostrorum,
1477 1675 1490 1718 ι
1504 1674 1652 1729 merrndum
1667 1675 1737 1744 qrrud
1751 1677 1867 1747 inpacto,
1879 1675 1911 1736 ιι

291 1741 1086 1880 tdhdhhlttltlitttt‘dltth'dttt‘h‘tt
1102 1742 1904 1873 ⁸attrebatum*tritrtdddththetim

292 1830 486 1949 ducatibusqid
500 1891 542 1939 est
557 1831 690 1950 Fnseapno,
713 1894 741 1941 et
761 1885 910 1967 spolitano,
928 1829 1011 1955 linesi
1032 1829 1086 1940 ιζιιιι
1136 1891 1166 1936 ut
1176 1851 1265 1936 ouiisis
1283 1880 1380 1946 clerus,
1396 1827 1554 1938 msere
1567 1883 1658 1954 populi
1673 1853 1783 1940 Romani
1797 1815 1906 1943 substrui

292 1954 461 2036 auctoritatis
469 1964 625 2038 preceptum
634 1957 803 2011 corrdrmarrt
815 1973 822 2008 ι
833 1969 866 2010 eo
880 1955 984 2010 seilicet
994 1954 1084 2036 modo,
1135 1959 1245 2021 propter
1257 1952 1379 2007 diversas
1390 1953 1575 2035 necessitates,
1593 1952 1790 2038 etpontitleom
1808 1956 1906 2012 inratio-

292 2023 1086 2177 tttdhdtlbhtltlttddtfittttttffttht
1135 2020 1907 2173 rihtest,imittbllttt‘ttttftthd

291 2162 354 2218 dem
377 2164 491 2219 ducatus
517 2172 609 2218 nostra
635 2163 662 2218 in
690 2165 816 2220 omuibus
840 2164 1036 2228 dominatione,
1058 2174 1087 2220 et
1134 2160 1294 2230 poutrlleum
1311 2161 1425 2225 electio„
1438 2170 1567 2231 quantum
1592 2162 1799 2234 uniuscujusque
1820 2165 1907 2221 intelle

292 2232 399 2288 illorum
415 2234 450 2288 ad
466 2241 586 2289 nostram
603 2243 707 2303 partem
726 2248 775 2304 per
798 2235 850 2291 boe
873 2244 967 2291 nostre
987 2235 1086 2289 condr-
1135 2239 1197 2286 ctus
1213 2230 1303 2295 luerit,
1318 2232 1449 2286 canonice
1459 2240 1487 2286 et
1495 2230 1569 2299 juste
1582 2231 1631 2287 ilat
1651 2233 1676 2286 b.
1689 2233 1723 2288 Et
1738 2241 1766 2287 ut
1778 2233 1819 2289 iile
1830 2234 1870 2304 qui
1880 2234 1908 2290 ad

292 2302 420 2358 auctionis
434 2312 462 2357 et
479 2301 526 2358 tilii
544 2305 629 2359 nostrl
646 2302 813 2372 subjectione
831 2315 844 2346 ⁸
1136 2300 1189 2358 hoe
1210 2310 1334 2358 sanetum
1356 2310 1438 2371 atque
1463 2301 1640 2372 apostolicum
1671 2303 1788 2372 regumn
1804 2303 1906 2374 eligitur,

327 2372 465 2436 Ceterum,
477 2374 547 2428 sieut
560 2373 687 2438 diximus,
698 2374 789 2429 omnia
809 2376 933 2445 superius
948 2374 1086 2430 rmrrrinata
1137 2371 1244 2427 tremine
1254 2371 1440 2427 consentiente
1453 2371 1688 2431 eousoemtusdat
1699 2372 1824 2443 pumiles,
1834 2373 1909 2443 prius·

292 2444 330 2498 ita
342 2444 377 2498 ad
388 2450 506 2497 vestram
521 2452 626 2512 partem
639 2458 688 2514 per
701 2445 752 2499 hoe
764 2453 857 2500 nostre
870 2444 1086 2501 contirmationis
1155 2455 1217 2496 uam
1235 2440 1318 2496 talem
1334 2440 1361 2495 iu
1377 2443 1514 2512 presentia
1533 2443 1680 2498 missorum
1697 2451 1855 2507 ruostrorum,
1874 2441 1909 2495 rel

293 2524 401 2582 paetum
426 2512 595 2576 roboramus,
615 2523 646 2568 ut
667 2515 694 2568 in
710 2522 799 2570 restro
818 2522 994 2584 permaneant
1013 2513 1085 2583 jure,
1136 2456 1184 2566 iiiii
1195 2511 1293 2576 nostri,
1308 2513 1492 2569 seuuuirerse
1507 2511 1702 2584 generalitatis,
1724 2512 1802 2567 iaciat
1813 2513 1910 2582 prontis-

291 2582 454 2653 principatu,
468 2589 549 2653 atque
561 2583 679 2652 ditione;
691 2593 818 2656 etneque
834 2586 949 2651 anobis,
971 2599 1086 2654 nequeat
1137 2581 1241 2637 sionem
1260 2595 1310 2651 pru
1322 2581 1444 2637 omnium
1463 2582 1649 2639 satisfactione
1662 2590 1743 2654 atoue
1756 2581 1841 2638 lutura
1857 2596 1911 2638 coe

329 2722 343 2751 ⁸
367 2708 449 2794 Notat
467 2708 617 2783 bu-Caug.
642 2712 669 2767 in
687 2711 776 2769 Gloss.
798 2714 965 2772 Francorum
986 2729 1086 2770 nomen
1137 2715 1243 2778 instrui,
1309 2722 1391 2771 rant
1408 2724 1547 2785 ignorant,
1574 2723 1621 2769 aut
1645 2714 1768 2786 ignorare
1787 2712 1910 2794 unciam,

293 2778 347 2835 late
357 2791 487 2849 patuisse,
496 2780 613 2838 itautad
624 2780 773 2840 Gennauos
783 2785 865 2841 etiam
876 2785 1085 2841 extenderetur:
1137 2786 1209 2855 quod
1231 2795 1301 2841 cm
1361 2801 1456 2840 onmes
1473 2785 1590 2841 ditiones
1614 2793 1696 2839 erant
1722 2785 1833 2853 supremi
1854 2783 1913 2851 puris

291 2849 482 2931 queresuulli
492 2850 659 2908 eruditorum
671 2853 771 2923 ignota,
783 2853 963 2937 eumCarolus
974 2854 1087 2928 llapnus
1137 2855 1305 2938 pontificum,
1331 2854 1452 2925 talesque
1474 2855 1508 2910 ab
1535 2853 1577 2908 hu
1642 2855 1666 2909 is
1683 2854 1912 2935 eoutlrurabantur:

293 2934 406 2989 crusque
424 2935 596 3016 successores
615 2922 781 2978 Francorum
802 2925 988 3007 monarchiam
1008 2941 1087 2996 rege-
1138 2925 1398 3007 rerlrartlaperlroc
1413 2933 1510 2979 nostre
1523 2940 1572 2980 con
1594 2939 1645 2977 rm.
1666 2923 1914 2979 hauddubteeasc·

292 2990 369 3141 ἓξὲξ·
381 2988 1087 3142 litdet{tdthtttltlldthltttd
1138 2995 1486 3135 llillllhill'ldffloe‘
1504 2994 1647 3063 ΜΝ*
1665 3001 1742 3060 ⁸⁰⁰³·
1759 3008 1819 3049 ”²³²
1832 2992 1915 3048 Μ

292 3130 332 3183 (ιιι
345 3128 419 3184 erl.
434 3126 554 3199 Nangrus
567 3146 594 3184 ιιι
611 3131 707 3186 chron.
727 3148 812 3202 quare
829 3148 862 3198 er
886 3131 976 3189 Caroli
999 3134 1088 3205 Magni
1103 3117 1126 3179 C
1180 3135 1189 3173 s
1203 3134 1243 3189 Ne
1258 3134 1311 3189 ulla
1323 3134 1479 3190 subm-latur
1489 3133 1616 3203 suspicio,
1631 3135 1698 3205 quin
1711 3133 1744 3189 de
1757 3132 1916 3198 stettein

292 3199 377 3268 stirpe
393 3197 456 3254 lieet
482 3197 608 3262 leminea,
635 3209 695 3256 erat
736 3204 883 3273 rogenitus.
907 3203 1101 3261 Nihilominus·
1139 3204 1343 3267 dinia,Corsica
1357 3204 1402 3259 bie
1417 3210 1523 3274 agatur,
1541 3203 1779 3274 inspicienduscst
1792 3204 1915 3271 ordnrptt

292 3267 390 3323 Franci
397 3283 418 3350 ¹a
428 3267 571 3350 Germanis
580 3218 813 3341 distinguessantur
825 3275 850 3328 id
861 3274 1002 3344 temporis.
1017 3274 1089 3342 Qua·
1139 3274 1223 3330 semel
1237 3283 1265 3329 et
1277 3274 1376 3328 iterum
1397 3282 1452 3328 tam
1472 3273 1498 3327 in
1515 3273 1715 3338 Ludosieiano,
1730 3289 1809 3345 quam
1827 3273 1866 3327 hir
1879 3283 1916 3325 re·

293 3353 324 3394 rc
342 3337 438 3393 melius
456 3353 483 3392 m
504 3338 665 3396 ilenrieiauo
688 3340 786 3411 legitur
810 3341 1029 3398 Christianorum.
1053 3344 1089 3400 ht
1138 3353 1293 3400 censentur.
1309 3343 1340 3398 Α·
1365 3359 1399 3399 ue
1417 3344 1444 3399 in
1459 3341 1605 3399 Ottoniauo
1623 3344 1734 3414 quidem
1747 3355 1839 3413 pamm
1850 3342 1915 3397 scite

294 3407 388 3465 nome
396 3406 503 3464 ottonis
513 3418 567 3463 tem
606 3426 635 3466 re
649 3411 842 3468 tumCarolina
858 3421 926 3469 aetas
943 3413 1088 3470 instaurari
1138 3413 1205 3469 Nam
1220 3360 1362 3469 Corsicae?

292 3478 464 3559 credebatur,
481 3484 537 3532 tom
584 3480 772 3537 ndorieianum
794 3482 913 3553 diploma
932 3484 1088 3556 chartaque
1137 3485 1259 3556 signatos
1283 3483 1361 3549 tlnes,
1384 3491 1412 3538 et
1434 3483 1544 3547 Sicilire,
1565 3483 1630 3538 dum
1653 3484 1855 3554 promittebatur
1867 3477 1917 3548 elas

292 3547 353 3603 alim
362 3547 400 3602 ml
413 3548 464 3604 nisi
478 3547 644 3606 Francorum
656 3551 845 3607 liberalitatem
858 3551 1085 3623 prmselerebant:
1138 3554 1275 3609 restitutio
1287 3565 1388 3609 sancte
1402 3553 1471 3619 sedi,
1486 3554 1510 3608 si
1523 3568 1540 3605 e
1552 3551 1754 3609 Saracenorum
1768 3551 1882 3607 manibus
1890 3549 1918 3603 ll·

293 3631 378 3688 auare
390 3619 512 3689 precatio
522 3618 577 3682 illa,
590 3635 651 3745 ‘¹7¹¹ae
662 3623 763 3690 passim
775 3622 872 3693 legitur
884 3623 911 3678 in
923 3622 1030 3680 Codicis
1040 3623 1089 3681 Ca-
1138 3625 1192 3678 lam
1209 3625 1316 3694 eripere
1327 3623 1487 3695 corrupisset
1498 3622 1551 3677 ade
1561 3621 1689 3678 Sardinia
1704 3637 1768 3678 reru
1780 3637 1813 3677 nc
1822 3622 1918 3675 rerluta

1359 3422 1419 3469 acta
1431 3421 1490 3468 erat
1508 3413 1611 3468 merulo
1625 3415 1655 3468 iu
1668 3414 1811 3470 donatione
1825 3426 1869 3482 per
1878 3410 1917 3464 de·

293 3686 516 3770 roliniepistolis
535 3703 586 3759 pro
619 3706 763 3748 raucorum
784 3692 892 3764 populo,
913 3693 958 3749 hic
981 3693 1089 3750 ridetur
1138 3695 1246 3765 qrridem
1261 3695 1291 3747 iit
1310 3694 1336 3766 in
1352 3693 1506 3763 diplomate.
1521 3692 1560 3747 Ea
1574 3701 1688 3763 pmpter
1705 3707 1766 3764 qum
1781 3690 1918 3746 Ludorioas

290 3758 423 3813 adhrhtta.
1138 3766 1172 3820 de
1187 3764 1273 3820 tribus
1286 3762 1422 3833 pradum
1437 3763 1532 3819 insulis
1548 3764 1700 3828 asserebat,
1718 3778 1751 3819 ea
1767 3763 1918 3817 minusma-

328 3828 343 3869 ι
360 3826 482 3884 Notanda
496 3829 627 3897 clausula,
642 3832 741 3903 deque
756 3832 812 3889 disi
825 3832 853 3889 iu
868 3834 975 3890 dissert.
990 3849 1089 3905 praece
1138 3835 1241 3890 drreunt
1254 3833 1356 3898 ottoni,
1369 3834 1416 3904 qui
1433 3833 1586 3888 Sardiniam
1596 3832 1668 3897 silet,
1685 3842 1713 3888 et
1724 3832 1839 3888 Siciliam
1850 3830 1918 3909 itare

292 3898 377 3954 denti.
1138 3905 1338 3960 vindicaturum
1363 3904 1498 3973 promittit
1520 3912 1621 3959 sanetae
1647 3905 1717 3968 sedi,
1744 3902 1767 3958 si
1791 3900 1918 3956 Saraorrm

328 3978 339 4008 s
360 3967 417 4024 lloe
439 3969 500 4026 loco
518 3969 647 4042 lippinus
660 3971 732 4028 inter
744 3972 879 4056 Angustos
891 3989 945 4030 nou
965 3987 1089 4028 recense·
1137 3973 1278 4044 eripuerit.
1297 3973 1332 4028 ht
1347 3973 1495 4029 necessitas
1509 3973 1635 4028 assuendi
1654 3972 1831 4028 Ludorieiano
1846 3967 1919 4038 diple

291 4047 337 4094 tur
351 4038 378 4093 iu
393 4041 570 4112 autographo,
592 4042 639 4097 sed
663 4057 729 4098 suus
749 4050 858 4113 utruque
881 4043 977 4099 titulus
996 4051 1088 4100 certus
1137 4044 1204 4100 mati
1215 4059 1276 4114 oum
1286 4044 1470 4115 congruebant
1486 4043 1610 4112 tempori,
1629 4053 1657 4101 et
1670 4043 1746 4098 rudis
1758 4042 1801 4097 illu
1814 4047 1874 4095 etas
1884 4046 1918 4090 ta·

291 4108 429 4173 tribuitur,
448 4110 575 4166 tueosict
592 4112 691 4178 serbis,
713 4113 785 4183 quod
804 4129 885 4184 supra
907 4113 1009 4170 laetum
1033 4129 1088 4170 non
1138 4113 1285 4183 liaubiuue
1306 4114 1389 4170 inseri
1403 4121 1559 4185 coegerunt,
1580 4128 1643 4183 oure
1659 4120 1708 4169 aut
1728 4113 1815 4167 micus
1834 4119 1919 4166 cut*

292 4181 381 4236 luerat
395 4179 458 4252 (eol.
471 4180 533 4244 dds,
549 4188 607 4235 not.
622 4180 659 4250 ⁸).
1138 4187 1217 4241 aiunt
1229 4185 1379 4267 premissis
1390 4193 1437 4240 aut
1447 4199 1538 4240 seeum
1556 4191 1688 4254 pugnant
1703 4183 1731 4238 ld
1742 4176 1919 4238 remethndr

326 4247 431 4316 lQuod
445 4265 518 4320 saepe
536 4258 578 4305 est
596 4248 699 4306 dietum
723 4266 814 4321 supra,
842 4253 879 4308 nil
902 4253 997 4309 melius
1015 4269 1088 4310 com-
1138 4256 1248 4320 aieianr,
1269 4264 1298 4311 et
1314 4252 1452 4310 0ttouiaui
1468 4254 1578 4324 diplom.
1602 4252 1771 4310 sinceritatis
1790 4258 1837 4307 est
1851 4261 1918 4318 arru-

290 4320 398 4392 probat,
421 4334 504 4389 quarn
523 4327 686 4389 sportarum
707 4322 778 4377 iuter
801 4324 960 4380 donationes
985 4323 1086 4391 Caroli,
1138 4334 1261 4382 utentum
1274 4325 1525 4395 locupletissimum.

291 4390 439 4446 ducatuum
450 4388 566 4445 Tuscani
582 4400 610 4445 et
622 4389 761 4460 spoletani
785 4393 947 4449 tributomm
960 4409 1008 4450 seu
1023 4389 1113 4464 pen-'
1177 4395 1239 4451 ⁸Fe
1290 4412 1348 4451 ram
1369 4394 1521 4451 asceteriis
1537 4395 1609 4463 apud
1624 4394 1789 4451 [dietericum
1804 4390 1919 4446 tremas

292 4460 398 4515 siouum
412 4460 544 4515 recensio.
561 4459 594 4514 iit
610 4476 675 4516 sane
690 4461 838 4532 caliginoso
851 4464 896 4520 illo
907 4462 1016 4520 ottonis
1030 4480 1088 4520 arvo
1101 4484 1126 4545 ῃ
1139 4483 1204 4524 num
1220 4466 1231 4550 (
1258 4467 1346 4521 ntrod.
1368 4465 1403 4519 cd
1417 4465 1445 4521 l.
1467 4465 1530 4536 pah.
1545 4465 1593 4520 lrb.
1617 4482 1644 4530 r,
1658 4480 1719 4536 cap.
1737 4463 1779 4527 ts,
1800 4478 1827 4515 n.
1840 4458 1870 4528 dl
1884 4469 1919 4511 te

292 4539 348 4584 tam
361 4537 487 4608 accurate
504 4531 609 4585 camari
626 4540 751 4600 poterant
770 4534 880 4590 donatio
900 4535 997 4605 integri
1015 4535 1088 4590 illius
1138 4548 1249 4609 orrentia
1261 4535 1416 4592 reseruntur
1435 4533 1470 4590 ad
1491 4535 1582 4590 omnia
1598 4536 1772 4606 supradicta.
1795 4546 1854 4587 uam
1868 4541 1919 4597 ιω

292 4601 415 4663 ducatus,
437 4612 549 4669 musque
564 4602 704 4658 concessio
721 4604 756 4658 ab
774 4604 895 4661 Adriano
916 4603 988 4661 lacta
1004 4604 1090 4660 qu·
1139 4609 1266 4676 deinceps
1279 4613 1424 4662 narrantur
1435 4607 1539 4663 haerent
1550 4606 1577 4659 iu
1590 4607 1709 4670 salebra,
1721 4603 1772 4660 nisi
1784 4602 1817 4658 ab
1827 4609 1919 4653 cautu·

292 4683 387 4750 corum
458 4669 552 4725 icum
570 4685 660 4726 annua
678 4675 817 4754 pensione,
842 4675 893 4731 nisi
911 4676 1026 4745 apostol.
1044 4691 1088 4731 ar-
1139 4676 1339 4741 dirimeretur
1356 4684 1595 4745 acdrcpotcrtrte,
1612 4669 1919 4751 sustineanturFrreltt·

292 4740 401 4822 cherum
499 4750 588 4794 menta
614 4757 704 4797 omma
731 4744 948 4815 suppeditasset?
974 4745 1090 4801 Ludovi-
1139 4764 1221 4820 quoru
1235 4747 1307 4818 quod
1320 4762 1374 4802 non
1387 4754 1523 4817 potestate,
1548 4746 1596 4801 sed
1618 4746 1799 4802 deminutione
1817 4746 1918 4812 pettit·¹

292 4810 363 4865 ciana
374 4806 528 4880 diplomatis
537 4811 619 4865 verba
632 4811 689 4882 ipsa
700 4822 791 4869 essent
807 4814 937 4881 adhibita,
953 4815 1004 4871 nisi
1017 4816 1088 4872 idem
1139 4826 1221 4884 esset,
1237 4825 1267 4872 nt
1278 4816 1313 4873 de
1325 4816 1468 4874 ducatibus
1483 4814 1607 4872 'tuscano
1621 4824 1650 4872 et
1666 4814 1810 4887 spumae
1831 4809 1917 4864 [auen

293 4879 418 4949 scriptori
436 4875 576 4936 Ottoniaoi
590 4879 685 4939 inisset
697 4885 732 4939 ob
746 4885 855 4941 oeulosl
873 4885 969 4941 Pensio
978 4886 1088 4957 quidem
1140 4891 1267 4946 ricinus.
1283 4885 1319 4943 ht
1329 4888 1363 4944 de
1372 4885 1416 4940 his
1426 4886 1578 4942 dictumest
1587 4887 1615 4941 in
1626 4886 1766 4943 dissertat.
1778 4882 1858 4952 (nom.
1869 4875 1917 4942 ill·

293 4951 367 5008 iusta
382 4949 519 5016 carolina,
541 4966 589 5006 seu
604 4951 785 5010 Ludouieiana
806 4965 860 5012 tem
898 4972 928 5011 ra
941 4956 1089 5013 ottoniano
1175 4957 1249 5014 nnn
1268 4973 1322 5028 quo
1340 4955 1536 5012 extendebatur
1558 4955 1734 5029 imperatoria
1757 4942 1918 5026 musaeu!

291 5035 351 5079 aero
368 5036 465 5091 parum
483 5022 618 5092 cougmit.
642 5022 711 5079 Nam
732 5034 836 5096 septem
854 5026 907 5083 ile
931 5027 1090 5084 civitatese
1140 5031 1191 5087 tria
1206 5029 1308 5086 seilicet
1332 5029 1383 5082 ista
1398 5025 1498 5097 capita.
1520 5025 1641 5082 Primum
1657 5025 1805 5081 inhaerebat
1818 5028 1919 5099 pretet}-

292 5095 392 5148 dueatu
416 5090 561 5162 Spoletano
580 5092 690 5160 mulsa,
708 5104 736 5150 et
752 5105 853 5151 sancte
867 5098 923 5154 sedi
936 5099 1042 5154 donatas
1054 5098 1089 5153 ab
1139 5103 1214 5159 sione
1229 5099 1268 5155 Eu
1286 5098 1340 5154 euii
1365 5098 1386 5153 ll
1399 5102 1427 5153 et
1446 5111 1651 5161 suceessorum
1668 5095 1781 5152 alterum
1796 5087 1918 5162 pontrllcra

294 5162 388 5219 eodem
411 5160 525 5227 Ottcne,
550 5161 656 5234 integro
677 5165 778 5222 tributo
804 5166 838 5222 ali
860 5168 905 5223 uid
933 5167 1089 5224 debuissent
1139 5172 1331 5229 constitutione
1344 5175 1374 5223 ut
1385 5167 1474 5224 clerus
1486 5175 1513 5222 et
1526 5167 1641 5237 populus
1658 5166 1804 5226 Romanus,
1817 5159 1919 5226 adduc

294 5232 438 5290 detrahere
454 5249 461 5285 ι
474 5240 503 5286 at
512 5247 602 5315 neque
617 5233 643 5316 id
655 5237 785 5305 temporis
803 5181 900 5294 meiius
913 5241 955 5310 agi
970 5246 1086 5308 poterat,
1139 5243 1218 5298 unice
1233 5239 1386 5311 pertinebat
1397 5237 1503 5300 electio,
1519 5221 1919 5355 sacmnenmseonttwsd

294 5317 381 5374 neque
401 5317 451 5358 uos
465 5318 519 5358 sen
534 5312 636 5371 posteri
651 5306 774 5361 divinare
794 5322 948 5378 possumus,
973 5324 1027 5379 qua
1044 5323 1089 5364 ra·
1139 5312 1298 5370 conomcam
1311 5308 1449 5379 etiustam
1466 5307 1645 5363 electionem:
1663 5305 1735 5375 quod
1751 5311 1794 5384 ot.
1865 5307 1920 5359 ,rr-

294 5377 378 5439 tiouc,
402 5387 491 5442 quoue
517 5384 628 5429 auctore
651 5375 678 5430 id
702 5377 819 5448 diploma
838 5378 865 5433 di
885 5387 973 5434 estum
994 5377 1084 5433 luerit.
1140 5399 1201 5440 snm
1225 5392 1269 5437 est
1292 5380 1331 5435 Fa
1350 5379 1413 5434 onio
1432 5376 1613 5447 imperatoriae
1639 5374 1809 5430 auemritatrs
1829 5372 1919 5422 metuat

293 5444 351 5500 lloe
372 5442 548 5526 solummodo·
557 5453 597 5499 est
611 5454 687 5501 certo
701 5446 812 5512 certius,
828 5395 945 5519 cipibus
965 5445 1087 5504 Ottonia·
1140 5466 1301 5526 proponere.
1324 5396 1529 5506 &aeramentum
1543 5445 1675 5515 ejusmodi
1689 5458 1742 5499 non
1754 5449 1811 5499 erat
1822 5445 1918 5520 notin·

293 5528 359 5569 trum
375 5513 604 5570 exhudovremno
617 5514 766 5586 proiectum
778 5532 848 5574 esse.
1141 5540 1210 5579 nora
1224 5529 1284 5579 crat
1295 5527 1415 5591 potestas
1428 5518 1608 5587 imperatoris,
1668 5529 1713 5569 am
1734 5502 1920 5591 eructuant&

332 5582 419 5638 ·lam
433 5583 488 5639 diri
510 5584 543 5640 ad
565 5583 630 5656 dipl.
647 5585 749 5642 endor.
766 5588 805 5669 (in
823 5589 893 5661 not.)
914 5590 965 5644 hae
983 5596 1087 5644 tarttum
1142 5595 1245 5649 tirrehat
1265 5591 1427 5647 auctoritate
1447 5587 1604 5657 apostoliea.
1668 5599 1703 5640 ne
1718 5599 1775 5638 rcm
1790 5578 1919 5662 Ιιιιιιιιιιιιι

294 5654 438 5709 occasione
467 5654 632 5711 dominatum
663 5665 691 5711 et
718 5658 911 5727 subiectionem
945 5658 1087 5715 reservari.
1143 5665 1228 5720 insius
1243 5663 1270 5719 in
1283 5677 1341 5733 seq.
1355 5659 1546 5716 dissertatione
1559 5655 1834 5714 tmetntaruiurenus.

296 5721 373 5780 Nunc
387 5723 493 5793 adjicio,
516 5724 644 5794 singulari
669 5729 854 5785 haecautione
870 5730 935 5786 satis
956 5744 1090 5801 superque
