4050 6192
181 328 229 389 dot
267 325 344 384 (Ὀῦ.
362 317 680 386 anton-tlouttit,
692 318 779 387 Em,
791 319 857 377 SEU
876 320 953 377 COD.
973 319 1180 378 rubonibus.
1191 317 1425 375 -itte.-itiss.
1439 317 1483 374 DE
1498 316 1585 374 utet.
1596 316 1675 375 aar.
1690 320 1711 376 f.
1749 321 1805 378 dtis
1884 355 1889 364 ·

181 457 245 500 iero
257 453 338 510 mani
354 435 470 504 diploma
487 434 697 516 Ludoricianum
715 433 853 504 praesefort
867 433 964 492 distin-
979 455 1002 514 g
1015 447 1116 502 cirtem,
1129 438 1162 494 dc
1177 453 1232 509 quo
1247 438 1345 509 agitor,
1369 438 1441 494 bunc
1454 439 1481 494 iii
1501 439 1609 496 modum
1625 442 1801 511 exprimitur:

180 509 295 583 girauda
313 505 480 562 movimus
492 506 596 560 donatas
608 505 751 573 pristinum
765 519 833 558 onus
845 506 966 560 subirent
1016 505 1142 563 Piriititer
1158 508 1258 563 oduini
1269 508 1388 578 optineri.
1406 505 1486 564 Solon
1503 509 1530 561 in
1543 509 1662 565 omnibus
1676 521 1803 583 potestate

178 596 240 638 oum
253 577 373 646 reliquis,
396 585 443 629 sut
468 575 577 629 donatio
598 589 652 628 uoo
669 572 816 643 eodemque
838 575 865 628 in
880 574 905 629 di
926 574 967 630 lo-
1015 587 1114 640 rouro,
1136 586 1161 631 et
1187 576 1237 646 filii
1258 587 1469 650 posterorumque
1492 587 1639 632 nostrornm
1658 581 1803 637 secundum

177 660 250 706 mate
265 646 385 702 illusoria
404 645 549 725 videretur.
577 643 677 697 ilerum
695 642 882 724 siitafaetuin
900 590 966 700 iuis·
1032 645 1083 700 uod
1096 646 1470 716 inpostoeteoustituticueoe
1482 649 1662 717 promissionis
1675 648 1811 718 inuitato.

175 730 229 782 oet,
252 717 389 787 ingenium
403 714 493 768 secati
510 714 581 766 illius
592 721 664 768 esset
679 728 768 768 minus
779 713 897 768 evidens.
1013 661 1127 784 fingenii
1151 715 1281 786 pontificis
1301 731 1529 786 successorumque
1549 715 1620 770 illius
1644 719 1802 786 continetur,

211 787 295 844 xxti.
315 785 391 852 Quod
401 783 424 838 si
435 798 470 838 ex
480 782 616 852 predictis
627 780 660 836 de
670 781 965 851 diplomatisOttoniani
1013 784 1217 839 idemutomitis
1239 782 1332 846 clerus,
1345 794 1409 858 etc..
1428 784 1526 839 Fateor
1539 785 1661 854 equidem
1680 803 1723 841 iiie
1749 803 1802 844 noii
1832 781 1840 796 “

174 858 459 915 sinceritatemustat,
475 868 508 907 eit
522 850 966 919 sequentibusbudovicianuinre·
1015 853 1121 922 assequi
1137 863 1234 917 mente,
1258 868 1307 907 our
1316 853 1428 910 Codices
1440 869 1534 909 onines
1546 865 1701 910 constanter
1713 856 1803 929 legant

244 935 307 982 ntes
319 924 378 979 falsi
389 938 422 977 ac
436 921 596 977 temeritatis
610 928 769 989 arguuntur.
792 920 871 976 bede
885 921 966 976 dtsci-
1014 922 1092 988 idest,
1106 938 1168 978 cuni
1184 923 1211 977 iii
1224 924 1389 993 autographo
1405 923 1501 978 litteris
1518 924 1594 979 valde
1606 927 1753 995 perspicuis
1766 926 1804 980 le-

204 1012 248 1051 iiis
298 993 369 1048 'dem
381 991 593 1046 consectationis
605 989 750 1060 pontificiae
763 990 817 1044 dixi
827 989 853 1044 iii
885 1006 965 1046 raeee·
1014 1002 1093 1060 gatar
1110 992 1263 1062 idemquod
1280 992 1440 1048 hauddubie
1458 993 1506 1062 pro
1527 993 1801 1067 iteinnestpositunm

173 1067 251 1122 denti
280 1066 287 1076 ’
378 1062 460 1117 tione.
487 1059 684 1123 Abiisierbis,
700 1005 898 1113 Proconnesia
913 1061 965 1113 mi·
1014 1061 1342 1117 denimintetiicissim
1357 1061 1522 1130 frequentem
1542 1064 1803 1120 nictationeuiinve·

174 1152 253 1201 nors,
274 1133 312 1188 nil
325 1131 398 1199 abad
409 1130 529 1186 occurrit
538 1144 619 1199 quam
633 1128 752 1182 liutharii
765 1128 965 1184 constitutionis
1013 1130 1443 1212 iiiriapudreterescumpertnm
1463 1142 1514 1187 est.
1547 1130 1727 1198 Quamobrem
1750 1136 1801 1190 tria

173 1205 239 1259 anni
252 1203 306 1261 82l
318 1201 437 1271 Eugenio
455 1199 625 1254 lismensem
639 1197 718 1269 153
731 1198 875 1266 prebente,
884 1199 965 1267 paulo
1014 1199 1109 1255 referri
1123 1200 1220 1256 debent
1238 1202 1272 1254 ad
1283 1209 1443 1269 potestatem
1455 1202 1594 1271 principis,
1607 1204 1663 1257 sire
1673 1204 1707 1258 ad
1718 1205 1802 1259 bono·

172 1275 236 1329 aliis
254 1269 515 1343 quandoqueiierbis
530 1268 677 1337 ordineque
695 1266 889 1335 aliquantulum
899 1266 962 1334 alio,
1013 1269 1183 1332 rilieentiam,
1196 1278 1243 1324 aut
1254 1270 1382 1325 bonorem
1393 1280 1421 1325 et
1433 1272 1611 1326 rerereiitiam
1624 1272 1711 1327 eidem
1727 1274 1802 1328 debi-

172 1342 263 1398 uleus
274 1341 428 1409 exscriptio.
446 1337 559 1395 Ponitur
571 1338 645 1393 enini
659 1336 718 1392 loco
734 1336 822 1405 primo
838 1347 919 1409 caput
935 1338 962 1402 5,
1014 1347 1080 1403 tam,
1098 1347 1128 1394 ut
1142 1337 1258 1394 loannes
1271 1338 1306 1393 iit
1316 1348 1343 1393 et
1353 1339 1477 1395 Nicolaiis
1489 1340 1508 1394 fl
1522 1339 1634 1422 (Concif.
1648 1349 1702 1395 tom
1713 1341 1758 1406 lx,
1772 1358 1800 1424 p.

172 1412 273 1468 deinde
285 1417 366 1480 ceput
377 1410 403 1472 l,
416 1417 497 1477 atque
508 1422 540 1462 ex
552 1415 667 1476 utroque
675 1406 855 1476 compingitur
865 1408 965 1462 eonsti-
1013 1406 1067 1462 502
1078 1417 1106 1462 et
1117 1406 1196 1491 tint)
1212 1422 1270 1463 earn
1281 1409 1429 1476 appellant:
1442 1409 1598 1474 Promissio,
1608 1423 1654 1464 seu
1669 1411 1802 1480 professio

171 1484 255 1547 tutio,
269 1477 573 1553 qunapuddnselinum
585 1477 732 1532 burensem
753 1475 812 1548 (fib.
826 1492 863 1540 ri,
882 1476 963 1545 obii)
1012 1477 1158 1546 pontificis,
1182 1485 1267 1532 instar
1280 1476 1390 1547 Eugenil
1406 1477 1441 1544 ll;
1461 1487 1660 1533 sacramentum
1680 1479 1746 1535 cleri
1774 1492 1802 1537 ct

170 1548 525 1618 auditeoiistitutior‘riipcrc
625 1543 830 1615 primiOtiioriis,
850 1545 963 1616 etprimi
1013 1547 1104 1615 populi
1118 1547 1291 1602 decanoiiica
1307 1555 1335 1601 et
1354 1547 1585 1616 iustaelectione3
1614 1558 1641 1602 et
1664 1550 1801 1618 pontificia

171 1620 302 1686 densim
318 1628 347 1673 at
372 1634 465 1673 revera
478 1614 598 1672 estLotli
632 1615 661 1680 ii,
688 1625 717 1669 ut
733 1623 806 1685 patet
824 1630 856 1670 ei
876 1614 964 1683 capite
1013 1616 1106 1671 eudem
1121 1615 1252 1740 qrofessio
1264 1631 1354 1671 coram
1366 1618 1455 1672 missis
1475 1615 1658 1687 imperialibus
1679 1617 1801 1676 facienda

169 1689 232 1758 eius
245 1689 264 1743 f
275 1690 378 1770 integre
389 1687 470 1743 allato
481 1693 544 1756 post
561 1687 614 1741 duo
623 1685 761 1754 predicta,
777 1684 848 1753 quod
861 1683 887 1737 iii
898 1699 964 1737 con·
1014 1684 1113 1741 Leonis
1135 1685 1301 1756 Vexempfo.
1320 1685 1528 1743 Promissionem
1539 1701 1603 1742 itero
1614 1686 1694 1741 istam
1712 1703 1745 1743 eo
1761 1704 1803 1746 re·

163 1760 314 1817 stitutione
334 1760 368 1813 iis
391 1757 519 1828 Augustis
543 1755 655 1819 tributa,
683 1753 745 1818 lieet
762 1752 963 1833 scriniariorum
979 1756 1135 1851 Bspeiiisse
1145 1755 1273 1820 arbitror,
1288 1763 1317 1809 ut
1327 1757 1550 1826 quemadmodum
1565 1756 1803 1814 retliomanorum

169 1829 422 1900 compositioesset,
438 1826 616 1882 desideratur.
652 1823 857 1893 Utramqueper
878 1833 962 1878 otium
1015 1835 1159 1894 antequam
1171 1826 1316 1894 imperator
1332 1840 1380 1895 per
1398 1826 1600 1882 coronationem
1611 1826 1698 1891 lieret,
1713 1843 1803 1884 sacra·

169 1897 310 1954 consules
348 1895 544 1952 dllolstenium
563 1893 640 1976 (citt.
656 1892 734 1948 flom.
749 1908 808 1963 par.
821 1908 851 1956 ti,
869 1908 896 1962 p.
910 1890 963 1948 208
1015 1903 1106 1949 meiito
1119 1894 1255 1949 fidelitatis
1269 1909 1298 1949 se
1309 1895 1474 1965 astringebat
1489 1896 1747 1966 Romanopontilici,
1764 1899 1802 1954 ita

169 1978 198 2023 et
211 1967 290 2038 ult).
340 1983 404 2021 uum
429 1965 491 2021 iride
518 1962 649 2031 judicium
663 1971 733 2026 esto,
760 1976 822 2016 oiim
835 1961 963 2017 Ludorici
1013 1961 1094 2017 Rom.
1107 1963 1225 2044 pontifex
1239 1964 1359 2020 uicissim
1371 1980 1400 2021 se
1413 1966 1566 2035 inperatori
1576 1966 1715 2034 obligaret,
1730 1967 1802 2036 quod

168 2036 338 2107 dplcmanil
350 2037 445 2091 borum
455 2035 606 2097 coiitineiis,
621 2031 810 2102 qmanomum
818 2032 962 2086 constituta
1013 2031 1125 2103 Eugenii
1145 2032 1234 2089 litero
1252 2033 1361 2090 foederis
1384 2035 1492 2090 nomine
1516 2034 1629 2115 exprimi
1650 2037 1800 2091 consuerit.

169 2107 291 2171 fueram,
311 2114 384 2161 recte
402 2103 626 2165 commentitium,
641 2099 899 2224 juttahqtrmcipitem
919 2115 963 2154 se·
1013 2101 1093 2159 Certe
1113 2101 1304 2176 luitprandus,
1332 2104 1389 2159 siue
1410 2102 1468 2172 eius
1489 2111 1661 2159 continuator
1683 2102 1733 2228 qfle
1745 2106 1800 2160 reb.
1864 2155 1868 2162 .

169 2176 323 2231 ctariorum
334 2176 504 2239 metentium,
513 2180 690 2242 nuncupetur.
742 2169 861 2224 iliienim
870 2169 964 2225 sedulo
1013 2171 1100 2244 fnipp.
1114 2183 1138 2230 et
1154 2172 1298 2243 Req.l.iii‚
1312 2172 1376 2244 ed)
1396 2173 1486 2236 refert,
1506 2172 1636 2229 ioannem
1650 2173 1685 2228 xi
1710 2175 1803 2242 liuius

169 2246 355 2301 consideranti
380 2245 554 2300 Ottonirinum
581 2241 706 2314 diploma,
734 2239 805 2309 quod
824 2237 904 2309 Pagio
922 2248 964 2296 est
1013 2242 1086 2298 modi
1099 2241 1570 2314 sacramaitnmpraestitisscottoni:
1587 2260 1596 2292 r
1611 2241 1801 2312 lnsjiirinduni

169 2313 757 2382 certissimumantiqnitatismonumentum,
772 2308 965 2366 etLuduricia-
1013 2327 1078 2368 nero
1090 2313 1125 2367 ab
1145 2312 1239 2367 codem
1260 2327 1329 2383 papa
1351 2310 1454 2368 ioanne
1476 2327 1558 2384 supra
1578 2314 1801 2383 pretiosissimum

169 2399 248 2449 notu,
262 2384 337 2454 qiiod
348 2382 560 2440 commentitium
572 2381 660 2436 eidem
672 2380 787 2445 ridetur,
810 2379 863 2435 lioc
877 2380 965 2434 since-
1013 2397 1111 2451 corpus
1121 2381 1204 2448 Petri,
1226 2390 1307 2452 atque
1318 2383 1443 2438 omuibus
1457 2382 1575 2437 civitatis
1588 2383 1756 2453 proceribus,
1770 2400 1800 2439 se

170 2454 378 2524 ritatisplenuiii
387 2460 508 2523 apparet,
520 2450 583 2520 quio
592 2449 733 2507 historiam
750 2465 783 2504 ac
795 2450 963 2520 disciplinam
1014 2466 1150 2521 naamam
1164 2451 1324 2521 Berengario
1336 2461 1416 2520 atque
1437 2451 1582 2507 ddelberto
1608 2452 1801 2508 auxiliaturum

169 2524 213 2578 soi
230 2523 361 2594 temporis
382 2525 521 2588 mutinen
538 2535 570 2577 ae
585 2519 752 2583 derisiones,
771 2536 833 2590 quae
850 2526 914 2575 tuuc
934 2519 962 2572 iii
1013 2522 1154 2591 accepiet
1175 2520 1267 2603 ltaque
1279 2522 1351 2591 quod
1370 2522 1398 2575 iii
1419 2520 1564 2594 diplomate
1576 2519 1703 2578 Ludoriei
1715 2523 1803 2577 sanci-

170 2593 285 2647 irebiro
297 2601 383 2657 erant,
406 2593 550 2663 diligenter
572 2590 768 2659 nullaquecum
786 2588 963 2670 repugnantia
1013 2599 1070 2645 timi
1078 2591 1163 2646 fuisse
1174 2591 1299 2656 vidimus,
1312 2599 1342 2646 ut
1351 2592 1553 2662 postpontiflcis
1561 2592 1800 2655 consecrationem,
1836 2633 1840 2640 .

170 2663 307 2718 enuntiat.
338 2661 477 2718 littoniani
494 2676 559 2717 reru
572 2662 756 2717 sinceritatem
771 2658 904 2730 indigesta
919 2673 964 2712 ru·
1015 2660 1135 2731 «Legati
1153 2659 1187 2715 ad
1201 2676 1267 2727 nos,
1286 2660 1329 2717 rel
1348 2662 1382 2716 ad
1406 2675 1577 2717 successores
1597 2670 1705 2717 nostros
1725 2675 1803 2731 reges

170 2732 268 2803 disque
278 2733 447 2802 compositio,
462 2732 635 2789 donationum
648 2728 814 2784 confusione
828 2729 963 2798 repetitio,
1012 2729 1180 2786 Francorum
1192 2731 1352 2800 dirigantur,
1366 2731 1412 2801 qui
1426 2730 1569 2794 internos,
1595 2739 1623 2786 ot
1633 2731 1694 2786 illos
1709 2731 1804 2784 sinici-

170 2817 279 2857 nccnou
292 2801 432 2872 disciplina
446 2801 591 2858 creationis
602 2798 746 2870 pontificiae
758 2814 772 2852 a
782 2797 964 2852 Ludoviciaiio
1013 2799 1079 2853 tiam
1090 2809 1118 2854 et
1131 2800 1291 2855 osannam
1303 2817 1335 2856 ac
1352 2815 1446 2870 pacem
1461 2801 1574 2863 socient,
1592 2818 1601 2852 i
1622 2800 1686 2856 liiiio
1703 2799 1805 2869 colligi·

170 2887 230 2927 nro
243 2871 386 2927 admodum
396 2872 482 2936 naria,
496 2871 563 2926 milii
576 2871 701 2927 videntur
737 2866 886 2923 raeseferre.
918 2866 964 2922 ti-
1013 2876 1068 2934 tui,
1082 2869 1229 2942 Eugenium
1241 2869 1263 2925 ff
1280 2871 1326 2939 qui
1338 2868 1637 2934 Paselialilsuccessit,
1655 2878 1736 2939 utque
1751 2869 1804 2923 Eii-

171 2942 389 2997 deiiturautemf
403 2943 457 2996 imo
471 2941 594 3007 illudpro
607 2948 709 2995 eertoa
753 2951 827 2991 mare
840 2953 893 2992 non
915 2937 964 2991 du·
1013 2939 1087 3010 genii
1111 2954 1281 2995 successores
1302 2941 1330 2994 iii
1349 2939 1537 3011 promissione,
1563 2952 1609 2993 seii
1623 2938 1802 3009 professione,

171 3010 241 3074 bito,
269 3012 341 3080 quod
363 3011 553 3074 Ludoiieiano,
571 3010 643 3064 unde
662 3007 736 3072 Otto,
759 3006 962 3062 scriniariorum
1014 3011 1226 3065 consecrationis
1241 3020 1363 3079 tempore
1381 3011 1538 3065 societatem
1558 3007 1631 3063 illam
1645 3008 1722 3080 155
1736 3009 1804 3063 anii-

169 3088 276 3136 sanctae
301 3081 373 3137 sedis
391 3096 483 3151 opera,
507 3088 535 3135 et
548 3078 645 3143 officio,
668 3078 695 3133 iii
722 3091 800 3131 suum
824 3075 963 3131 transtulit
1015 3078 1086 3134 ciliae
1099 3088 1126 3133 et
1137 3079 1288 3145 charitatis,
1316 3077 1610 3150 acisqueexpiessissc,
1631 3077 1803 3148 quanilegati

171 3164 341 3219 umeroque
361 3151 432 3206 inter
450 3165 479 3205 se
496 3149 562 3204 iiiliil
585 3155 715 3220 pugnant,
740 3161 772 3201 ac
788 3145 962 3227 ¹diligentiam
977 3125 998 3184 s·
1015 3147 1246 3218 adimperatorem
1256 3095 1402 3205 debirent.
1433 3148 1499 3216 Quae
1510 3163 1555 3203 res
1568 3147 1691 3202 aLeonis
1701 3145 1734 3201 lv
1746 3157 1806 3202 suc·

170 3220 378 3275 scriniririoruni
392 3229 513 3275 rourum
525 3218 720 3284 demonstrant,
736 3216 862 3273 faintatis
872 3224 963 3271 notun
1016 3219 1168 3276 cesuudbus
1174 3218 1423 3304 fieiieapitcoram
1429 3218 1613 3292 imperialibus
1620 3217 1722 3282 missis,
1734 3217 1805 3287 quod

171 3288 283 3344 inurere
299 3289 420 3354 audacia,
432 3288 677 3345 Ottonianumrero
690 3289 717 3343 in
727 3288 837 3368 dubium
847 3295 964 3352 uertere,
1015 3289 1101 3359 liquet
1110 3305 1144 3345 eii
1161 3291 1354 3359 superioribus.

171 3358 285 3413 mentiri
303 3366 355 3413 est.
1052 3357 1145 3415 xxiv.
1166 3359 1323 3430 liipfomatis
1339 3373 1402 3431 pars
1422 3365 1554 3423 extrema,
1575 3372 1623 3414 seii
1636 3356 1805 3414 confirmatio

203 3426 304 3484 ulit.
326 3427 415 3486 linum
429 3427 495 3487 mni
519 3428 700 3486 adiiotmdum
716 3426 873 3491 exciderat,
892 3424 965 3495 quod
1015 3436 1043 3484 et
1058 3429 1163 3499 signum
1185 3430 1364 3501 imperatoris,
1389 3438 1470 3498 atque
1492 3430 1661 3498 optimatum,
1681 3426 1805 3495 siieepi·

172 3501 400 3568 praedietsomnia
422 3500 456 3555 ad
478 3500 646 3570 disciplinam
664 3497 802 3554 electionis
822 3493 966 3551 confirma·
1016 3495 1806 3568 scoporumotcomitumsubscriptionessinoeritatiutrius·

173 3568 311 3639 nouisque
329 3568 408 3624 Rom.
425 3571 560 3640 pontilicis
574 3584 669 3640 partim
690 3567 804 3624 solerter
820 3566 966 3645 ereduntur
1016 3582 1069 3636 que
1091 3567 1244 3638 diplomatis
1281 3569 1471 3652 suffragantur.
1506 3568 1565 3622 Non
1596 3568 1668 3621 enini
1696 3565 1806 3620 aliunde

173 3639 295 3706 incipere
309 3639 344 3693 ab
356 3639 390 3693 ils
403 3640 492 3696 serbis
506 3640 648 3695 niundon
659 3638 739 3708 quod,
754 3644 819 3701 ete,
830 3643 930 3689 etenim
948 3649 965 3688 a
1016 3638 1182 3694 consortium
1201 3636 1307 3695 Ottonis
1324 3639 1371 3692 fllii
1392 3638 1504 3708 petitum
1517 3647 1569 3702 est,
1587 3651 1668 3706 qiiam
1692 3650 1726 3690 er
1748 3633 1804 3689 liu·

171 3707 464 3768 conditioneillasolao
475 3710 502 3764 iri
516 3708 635 3766 omnibus
648 3716 774 3779 potestate
786 3715 885 3766 nostro,
896 3713 963 3767 ete,
1017 3706 1168 3774 doriciano,
1187 3709 1229 3763 ciii
1250 3716 1306 3764 tres
1338 3707 1467 3763 Ludoriei
1498 3707 1546 3761 ulii
1572 3706 1802 3774 subscripserunt.

172 3777 318 3846 incipiunt,
331 3778 398 3832 alias
422 3780 553 3834 sententia
570 3775 796 3845 aaretprincipio.
827 3772 911 3827 ficita
926 3772 965 3827 fa·
1016 3774 1144 3842 Quamvis
1171 3784 1261 3832 autem
1286 3781 1350 3832 litto
1375 3776 1447 3831 filins
1470 3792 1522 3831 non
1547 3776 1707 3839 subscribat,
1721 3782 1752 3828 ut
1766 3772 1804 3827 illi

172 3845 576 3917 ciendumfuiiascriptoribus
590 3855 691 3903 sancta
709 3845 766 3901 sedi
789 3843 916 3906 infensis,
936 3849 966 3897 ut
1017 3844 1149 3910 fecerant,
1162 3847 1226 3916 qnia
1251 3848 1356 3902 seilicet
1368 3846 1473 3916 puerin
1499 3844 1644 3900 Germania
1668 3857 1806 3899 remanse-

173 3915 349 3985 pontificibus
359 3917 431 3985 qnod
445 3932 524 3971 suuni
539 3925 606 3982 erat,
636 3916 781 3984 eriperent,
804 3912 966 3966 tribuerent·
1017 3922 1068 3978 rat,
1090 3924 1180 3969 tamen
1200 3930 1325 3971 unacum
1336 3924 1417 4041 qatre
1432 3913 1575 3978 inducitur,
1606 3921 1706 3968 nanctae
1731 3911 1805 3967 sodis

173 3998 229 4055 que
239 3985 483 4066 principibusquod
497 4002 575 4043 suum
588 4002 642 4042 nun
656 3993 726 4048 erat,
737 3998 771 4037 ne
785 3981 859 4037 false
871 3995 965 4035 eorum
1012 3981 1075 4051 jura
1089 3984 1263 4051 eondrmans,
1282 4000 1334 4055 qno
1379 3984 1489 4038 minime
1507 3982 1607 4039 factum
1632 3981 1737 4044 fuisset,
1751 3980 1803 4036 nisi

173 4056 318 4123 opiniones
336 4054 370 4110 de
386 4056 524 4137 pontificia
538 4056 720 4111 dominatione
745 4058 914 4116 corruerent,
933 4065 965 4105 ac
1017 4052 1175 4110 aLudorici
1188 4055 1399 4126 filiispaternam
1425 4053 1656 4109 confirmationem
1680 4051 1803 4106 roborari

175 4122 370 4205 rideretnrjiis
385 4127 595 4194 imperatorium,
614 4133 807 4206 potestasque
821 4119 966 4243 grivilegio
1016 4131 1186 4246 qerspectiim
1199 4135 1280 4181 esset.
1299 4125 1371 4180 luter
1392 4123 1592 4179 subscribentes
1608 4130 1697 4204 autem
1710 4120 1804 4202 palatii

174 4203 278 4249 sanctae
289 4194 503 4250 sedisinnitiiur.
527 4193 569 4249 Nil
578 4194 690 4259 facilius,
705 4192 819 4263 qiiam'is
857 4203 966 4259 perrer-
1040 4208 1184 4249 rancorum
1209 4196 1308 4260 officia,
1327 4209 1374 4251 seu
1394 4193 1548 4263 dignitates,
1572 4190 1802 4252 bibliothecarius,

175 4274 235 4318 tere
248 4263 277 4318 in
288 4264 472 4320 exscribendis
483 4263 682 4334 diplomatibus,
695 4263 728 4320 de
740 4257 966 4333 quinisloquitur
1017 4263 1222 4330 mansionarius,
1250 4266 1395 4321 hostiarius
1410 4279 1463 4319 noti
1487 4263 1666 4332 reperiuntur,
1688 4275 1804 4329 namque

173 4330 294 4387 loannes
316 4333 489 4389 Heumannus
514 4334 668 4405 (Commeat.
682 4334 714 4387 ile
733 4329 845 4402 reflipl.
861 4343 892 4386 ca
915 4328 963 4394 .f,
1017 4332 1160 4389 alluerant
1182 4343 1312 4406 tempora,
1330 4334 1375 4389 alii
1396 4332 1592 4390 Germanorum
1614 4345 1713 4386 mores.
1732 4328 1805 4384 Pire-

175 4402 190 4526 q
212 4401 254 4468 li,
269 4417 295 4472 p.
311 4401 356 4472 ll)
380 4418 413 4457 ex
428 4401 571 4459 llabilfonii
586 4402 736 4458 observatis
752 4402 781 4473 (1.
801 4416 820 4465 ι,
840 4416 865 4456 c.
879 4343 921 4464 li,
935 4415 962 4452 n.
1018 4410 1092 4457 terea
1111 4402 1176 4458 illud
1201 4406 1305 4476 proprie
1327 4419 1421 4458 monus
1446 4401 1580 4473 signaculo
1596 4402 1623 4457 iii
1653 4397 1760 4455 Ottonis
1774 4407 1803 4454 et

193 4471 224 4535 5»
235 4470 268 4525 δῦ
279 4487 306 4524 Ν
320 4471 390 4542 Dipl.
401 4473 422 4542 i,
443 4472 514 4541 quod
533 4482 560 4527 el
583 4471 745 4529 Godetridris
758 4472 842 4526 abbas
856 4468 965 4543 (coron.
980 4460 1005 4519 D
1018 4472 1128 4527 ilenrici
1143 4473 1332 4544 diplomatibus
1344 4473 1417 4528 bisce
1426 4486 1582 4537 occurrens,
1597 4470 1730 4526 undenam
1741 4483 1805 4539 pro-

175 4539 261 4595 Gouo.
286 4549 352 4594 toni.
368 4539 394 4604 l,
419 4541 462 4595 f.i
498 4540 553 4613 ili)
570 4551 598 4595 et
616 4545 767 4612 quicunque
784 4549 843 4611 post
859 4547 963 4593 tantum
1016 4541 1300 4599 fluxisseeredcndum
1318 4551 1369 4606 est,
1389 4541 1441 4596 nisi
1458 4556 1490 4597 ex
1506 4541 1651 4611 diplomate
1663 4539 1802 4603 Ludoriei,

175 4610 265 4666 rimm
289 4611 431 4680 scripsere,
454 4613 629 4667 continuant:
651 4612 791 4680 ‹diitiqiia
819 4608 964 4678 diplomata
1016 4612 1157 4681 quodprae
1178 4613 1303 4668 manibus
1318 4611 1520 4668 scriniariorum
1549 4609 1610 4675 fuit,
1626 4610 1697 4665 baud
1722 4609 1804 4664 dubie

177 4693 233 4734 uno
245 4681 324 4749 quasi
337 4695 417 4745 netu,
444 4681 525 4737 nullis
537 4680 808 4749 distiiietionissignis
823 4678 966 4747 interposi·
1015 4683 1097 4736 etiam
1111 4678 1308 4738 Ottonisoculis
1320 4681 1491 4751 subjeetum?
1509 4678 1632 4736 moieno
1645 4679 1730 4734 abbas
1739 4677 1804 4732 Got-

176 4750 370 4805 tiscobserent.
389 4750 440 4818 Qui
452 4751 556 4806 tabulas
568 4752 805 4820 transcripserunt,
819 4749 907 4802 varias
918 4762 966 4801 no-
1016 4752 1127 4806 wicens
1159 4766 1230 4822 saepe
1252 4751 1377 4808 laudatus
1402 4750 1511 4821 (Cfirori.
1537 4759 1602 4805 tom.
1616 4748 1636 4806 l.
1656 4748 1675 4803 l.
1692 4764 1722 4811 ii,
1737 4763 1761 4803 c.
1774 4748 1801 4811 ὅ,

175 4827 221 4873 tas
243 4821 443 4889 ascripserunt,
463 4836 576 4891 quarum
598 4820 678 4893 15ss
700 4819 840 4874 arbitrium
865 4817 966 4871 rectius
1015 4836 1043 4889 p.
1058 4821 1128 4890 lii),
1144 4837 1198 4893 quo
1213 4829 1348 4876 scrunitoi·
1365 4820 1433 4876 alius
1446 4820 1597 4876 Germaniae
1613 4831 1706 4890 regum
1722 4824 1805 4885 atque

176 4887 247 4943 forte
258 4887 352 4944 lectori
378 4891 501 4945 relictum
511 4890 613 4945 fuisset.
640 4888 753 4945 Carolus
767 4888 878 4970 llagnus
890 4887 966 4955 equi·
1016 4890 1199 4973 Augustorum
1214 4891 1367 4961 diligentior
1380 4906 1433 4945 non
1449 4890 1608 4952 inuenietur,
1621 4887 1728 4943 Ottonis
1737 4888 1801 4941 sub-

175 4957 240 5012 deni
250 4956 367 5025 dicuini,
382 4960 507 5016 etssaioli
518 4957 682 5016 warnefridi
697 4974 747 5028 ope
762 4958 868 5014 codices
883 4957 966 5011 intei-
1016 4962 1205 5031 scriptionibus
1223 4962 1305 5015 variis
1318 4961 1344 5015 iii
1357 4959 1473 5015 medium
1488 4959 1586 5022 abaris,
1613 4966 1669 5012 tres
1685 4956 1747 5011 iride
1761 4970 1803 5009 re·

176 5027 368 5097 punctionibus
381 5030 553 5086 illustrandos
569 5032 688 5092 curauit:
702 5044 749 5083 eas
760 5038 849 5082 tamen
865 5026 966 5081 cliartae
1016 5029 1092 5100 gulas
1117 5042 1207 5086 certas
1224 5031 1332 5085 educit:
1348 5028 1505 5085 lotionem
1531 5043 1614 5081 manu
1627 5025 1743 5096 proprio,
1759 5024 1802 5078 ref

176 5096 319 5168 aliquanto
337 5100 425 5155 serius
448 5109 643 5170 receperunt.»
674 5099 750 5167 Quod
767 5098 868 5152 dictum
884 5095 965 5149 velim
1015 5115 1110 5154 monus
1125 5103 1236 5172 proprio
1247 5101 1322 5183 siquo
1339 5106 1494 5155 constanter
1508 5099 1548 5152 nti
1562 5099 1589 5151 iii
1599 5095 1799 5166 diplomatibus.

175 5181 228 5291 βω
253 5167 287 5222 iis
306 5170 351 5238 qui
365 5170 748 5241 Ottoniauumautographnm
765 5166 964 5221 noiirideruut.
1016 5167 1047 5222 fl.
1066 5169 1173 5233 ilnnidi,
1200 5179 1227 5225 et
1256 5170 1338 5240 siqilfi
1366 5181 1459 5224 rorem
1486 5168 1638 5237 promiscue
1660 5177 1800 5232 usurpare.

200 5240 386 5294 ortasseenini
402 5256 560 5310 persuasum
573 5241 665 5296 iisdeiii
687 5239 750 5304 erit,
769 5235 857 5292 omnia
870 5236 966 5289 distin·
1016 5236 1058 5291 llf.
1076 5237 1213 5310 lusigniri,
1240 5239 1398 5311 subsignari,
1427 5237 1555 5300 roborari,
1580 5234 1753 5293 corroborari,
1767 5233 1802 5285 si·

176 5307 276 5363 cilonis
294 5309 370 5378 signa
383 5310 444 5366 inde
462 5310 543 5365 etiam
567 5311 670 5376 aliessc,
690 5324 722 5364 ac
743 5316 885 5379 propterea
897 5320 966 5377 prae·
1016 5306 1114 5378 efflari,
1126 5309 1209 5379 effigi,
1233 5309 1346 5380 firmari,
1370 5308 1478 5374 muniri,
1494 5305 1654 5376 confirmari,
1672 5300 1800 5383 vucabttbi

176 5375 249 5431 dieta
261 5380 342 5433 rerba
357 5379 390 5433 ad
410 5381 549 5449 superiora
565 5381 660 5436 referri
682 5380 791 5449 impune
812 5390 901 5447 posse.
930 5375 967 5430 dt
1017 5391 1123 5446 semper
1135 5380 1271 5434 adbibere.
1291 5378 1379 5434 Unam
1400 5378 1495 5433 saltem
1513 5375 1644 5431 extribus
1668 5372 1742 5426 bisce
1755 5385 1799 5426 re-

176 5460 257 5527 secas
274 5457 316 5502 est
329 5449 356 5503 iii
370 5448 507 5505 Ottoiiiaiii
526 5450 678 5522 diplomatis
700 5446 967 5531 autogrupbottsiiis
1016 5447 1086 5519 gulis
1098 5455 1231 5503 servasset
1248 5446 1312 5503 Otto
1338 5449 1365 5502 ln
1387 5447 1439 5503 hoo
1465 5446 1618 5569 diqlomate,
1646 5448 1676 5497 ut
1698 5454 1800 5496 morem

176 5529 277 5586 quippe
287 5517 511 5588 interpunctionis
528 5521 644 5575 uarietas
659 5526 853 5574 sententiarum
871 5516 968 5570 distin·
1016 5533 1094 5572 suuni
1111 5518 1230 5572 imitatus
1243 5532 1303 5573 esse
1314 5516 1470 5572 rideretur!
1515 5522 1635 5570 teontra
1646 5526 1802 5582 proitianus

176 5586 280 5655 guitur.
310 5586 578 5661 Tametsiscripturae
593 5587 759 5646 continuatio
772 5587 873 5640 nullum
888 5599 920 5640 et
934 5587 967 5640 iis
1016 5587 1132 5658 propriae
1152 5587 1239 5669 signo,
1265 5588 1368 5658 proprie
1389 5603 1483 5640 mouns
1508 5581 1663 5707 siquuculo,·
1688 5595 1738 5662 pro
1752 5596 1801 5635 nii-

177 5655 311 5723 capitibus
323 5659 456 5726 admittat,
481 5676 507 5714 iii
531 5675 590 5730 quae
603 5676 662 5730 ego,
686 5657 791 5714 baronii
814 5656 965 5725 exemplum
1017 5658 1091 5723 uulo,
1104 5657 1146 5712 rel
1161 5658 1249 5728 sigillo
1275 5656 1407 5727 insigniri,
1420 5663 1473 5710 etc.
1485 5653 1530 5709 bul
1541 5669 1564 5710 n
1585 5660 1680 5708 nostrie
1694 5667 1797 5722 tmpus

179 5736 298 5792 acutus,
321 5726 384 5783 illud
397 5746 446 5800 pio
460 5746 547 5786 reruni
563 5731 692 5786 iarietatc
709 5726 841 5785 distribui.
879 5724 966 5781 Locus
1016 5728 1089 5782 sicin
1111 5727 1252 5797 oisiqnnri.
1275 5726 1347 5782 f'alsi
1367 5725 1450 5795 igitur
1472 5723 1642 5781 insimuletur
1660 5720 1800 5792 diploma?
