4050 6192
157 309 204 367 ssu
301 309 376 367 (101).
396 308 580 368 utriust-
592 313 738 380 nonum..
758 315 846 382 ste..
864 316 933 373 Silii
952 316 1068 374 costilt
1086 314 1291 380 mactantis
1311 347 1346 363 m
1364 322 1439 379 EPl’.
1457 325 1606 382 sntttnltt.
1714 330 1769 390 dod

186 439 280 484 sanctae
295 429 361 491 seli,
389 429 511 499 pontifex
532 430 616 484 nrittit
643 447 708 487 snos
732 432 834 502 legatos
861 432 931 501 Aga·
944 436 969 495 Α
982 430 1145 501 clavigerum
1160 433 1234 503 regni
1256 432 1398 500 celorum,
1413 434 1549 502 victorias,
1575 453 1643 507 quas
1659 438 1771 512 idrus,

185 500 286 554 tlcrrem
317 499 460 554 diaconum
489 515 522 555 ac
544 499 715 554 Theodorum
739 502 879 556 consulein
903 509 940 557 et·

184 567 273 623 durem
289 577 412 638 nepotem
424 584 513 634 suum,
535 570 583 639 qui
596 568 655 637 cius
677 571 805 627 territorii
824 586 932 641 posses·

982 522 1104 596 quibus]‚
1123 526 1235 581 dextera
1271 527 1320 582 ssei
1353 538 1517 598 cooperante
1544 538 1573 586 ct
1605 540 1771 605 protegente,

183 638 392 708 ΜΝ,
409 639 544 696 victorias
565 640 705 710 quousque
724 642 760 697 ab
773 656 807 696 eo
831 641 931 698 ‚epm
982 613 1075 669 multis
1091 614 1258 673 documentis
1271 617 1416 678 desertris
1430 619 1521 676 allatis
1542 624 1708 685 manninas.
1719 624 1773 683 Ec-

184 706 239 762 diro
260 706 338 767 Petro
357 709 532 765 ascribendas
555 724 625 775 esse,
653 709 697 765 cui
714 727 774 781 quae
792 713 930 766 territoria
983 703 1067 760 ‘letis
1080 706 1151 761 besti
1167 707 1242 764 Pelii
1263 709 1370 775 &diluis
1384 717 1441 766 mm
1465 711 1499 766 de
1519 712 1674 770 civildlibut
1690 731 1772 787 quent

183 786 208 831 et
230 777 349 832 cititatcs
376 773 491 848 largitus
515 786 584 841 erat,
612 788 689 850 grata
714 781 816 836 oblatio
843 781 932 860 lucrat
982 795 1017 851 de
1031 795 1145 852 dirersis
1173 799 1317 855 territoriis
1341 801 1392 856 snb
1415 800 1570 872 integritate
1589 814 1600 843 ι
1620 806 1707 863 cidem
1725 806 1774 874 liei

184 862 282 901 musmo
295 848 509 917 lieo,perqnern
531 848 643 915 vicerat,
672 863 839 920 regnumque
861 864 930 919 erus,

183 932 213 971 π
233 917 304 998 Ψ
325 915 427 973 [mma
452 917 478 972 5„
496 918 625 973 universo
643 928 778 975 mmmm
798 921 865 976 orbe
886 936 933 977 ce,
982 890 1332 958 aposteloarnbisoiiertis
1346 892 1653 969 [ln.,ontatis],eti‹teo
1663 914 1776 969 posceti-

183 986 258 1042 iepns
271 986 449 1042 epponem,
983 986 1025 1033 tes
1038 989 1156 1036 vestram
1170 997 1185 1036 a
1201 982 1256 1038 lieo
1284 992 1439 1052 promotam
1464 986 1580 1057 regalem
1601 989 1772 1047 dememmm

982 1067 1108 1134 petimus,
1123 1076 1153 1124 ut
1167 1071 1237 1125 sieut
1251 1085 1267 1125 a
1282 1079 1371 1127 vestra
1391 1076 1602 1142 protectissima
1613 1078 1775 1138 excellentia

181 1162 278 1219 damno
296 1175 309 1205 ⁸
327 1157 555 1219 excellentissimo
580 1162 636 1218 tilio
652 1168 798 1234 nostroque
816 1161 931 1234 spiritaii
982 1155 1063 1215 liceto
1087 1159 1168 1217 Petro
1197 1163 1327 1219 nutritori
1352 1172 1452 1232 vestre,
1481 1181 1534 1235 pro
1565 1166 1773 1228 luminariorum

152 1252 303 1322 scefflparri
321 1251 430 1318 errolo,
453 1255 511 1325 regi
540 1252 706 1308 Francorum
727 1262 754 1310 et
771 1253 930 1323 Langobar·
982 1250 1244 1317 concinnationibus,
1267 1262 1350 1323 atquc
1370 1254 1506 1312 alimoniis
1517 1272 1676 1328 paupemm,
1692 1259 1766 1316 Sati·

150 1345 235 1400 qomm
249 1358 331 1415 iique
352 1342 466 1413 patricio
481 1344 674 1410 Romanorum,
702 1343 836 1400 Adrianus
848 1358 929 1415 papa.
982 1354 1067 1396 nerrse
1080 1341 1249 1400 territorium
1264 1344 1314 1399 sub
1335 1344 1491 1416 integritate
1512 1361 1670 1406 cencessum
1682 1358 1725 1405 est
1742 1350 1773 1414 d,

180 1439 274 1494 serus
305 1435 393 1491 iiasid
415 1450 464 1490 ret
493 1443 521 1491 et
537 1433 677 1506 pnrpheta,
711 1433 815 1505 Spiritu
836 1441 932 1490 sancto
982 1429 1023 1486 ita
1040 1430 1069 1488 io
1092 1432 1200 1488 madere
1214 1432 1351 1504 integrum
1377 1434 1526 1490 eidemliei
1548 1438 1684 1507 apostolo,
1705 1454 1775 1510 praa-

37 1497 38 1500 *
150 1525 266 1600 repletus,
290 1541 344 1597 pre
369 1523 453 1580 futuri
478 1524 555 1596 regni
578 1524 662 1580 uestri
687 1539 752 1596 erga
767 1524 840 1580 beati
856 1524 931 1579 Petri
982 1519 1202 1577 sidiantcwro
1215 1520 1465 1592 praecellentissimo
1487 1526 1594 1592 annisu,
1615 1526 1773 1598 dignemini.

151 1617 323 1689 apostolorum
346 1615 479 1700 principis
503 1623 625 1670 sanctam
645 1612 795 1670 Ecclesiam
817 1614 945 1670 benite--
981 1610 1118 1685 Quidquid
1142 1614 1215 1669 enim
1247 1614 1323 1686 regni
1351 1614 1482 1674 coelomm
1500 1614 1613 1686 iatsilori
1635 1621 1716 1675 nerto
1726 1620 1777 1688 Ρι-

149 1708 222 1765 nana
235 1708 372 1779 dignaque
387 1705 484 1762 solatia
496 1721 529 1761 ae
550 1702 767 1776 splendidissima
792 1702 930 1759 rutilantia
983 1711 1028 1759 tro
1045 1702 1167 1774 apostolo
1192 1702 1306 1771 affertis,
1337 1703 1365 1760 in
1387 1706 1553 1778 sempiterna
1573 1710 1706 1766 memoria
1724 1725 1775 1780 pm

148 1812 230 1862 orans,
252 1796 369 1852 canitet
383 1792 449 1851 dicit
468 1793 528 1865 (Pr.
549 1795 634 1865 uttt)
658 1810 665 1847 ε
685 1792 929 1858 Ιαιιάα,1)οιιιίιιι,
944 1776 969 1838 Β
983 1794 1061 1851 robis
1086 1794 1220 1864 simulque
1238 1802 1266 1850 et
1287 1795 1537 1865 praecellentissima
1556 1797 1615 1855 lilia
1634 1808 1730 1857 nosue
1748 1810 1777 1859 el

37 1889 38 1956 i
149 1889 254 1942 omnent
268 1897 354 1951 ιιιιιιι,
374 1883 503 1956 conpone
523 1884 582 1949 noc,
596 1884 677 1948 lim,
690 1884 931 1955 qondoperotarer
981 1884 1097 1956 spiritali
1120 1893 1269 1942 commatre
1288 1895 1302 1926 ⁸
1320 1884 1402 1957 385
1428 1886 1528 1944 darona
1550 1889 1654 1961 regina,
1680 1898 1708 1946 et
1724 1905 1776 1961 pro

148 1973 172 2031 is
183 1977 249 2030 sniis
262 1993 279 2030 a
292 1973 391 2046 templo
404 1984 494 2029 teneto
507 1984 564 2042 tuo,
579 1975 649 2046 quod
668 1984 705 2030 est
718 1975 747 2029 itt
766 1973 931 2043 Jerusalem,⁸
982 1974 1082 2030 vestris
1095 1974 1273 2032 nobilissimis
1284 1982 1368 2044 atquc
1380 1975 1617 2034 excelternissiruis
1628 1979 1712 2045 uatis,
1723 1995 1776 2038 nec

145 2067 188 2119 riti
207 2067 320 2136 offerent
344 2080 415 2136 reges
440 2079 562 2119 neaera.
586 2064 628 2121 Ex
652 2065 750 2137 quibus
774 2066 932 2122 muneribus
981 2080 1037 2121 nou
1059 2072 1088 2120 et
1107 2080 1157 2136 pro
1172 2064 1246 2119 oxnai
1264 2064 1374 2122 Christo
1392 2064 1490 2123 dilecta
1505 2067 1773 2140 genealogiavestra,

147 2157 223 2210 ditata
248 2153 382 2226 spiritalis
402 2163 493 2210 mamr
513 2164 605 2211 restra
636 2164 737 2227 sancta
759 2157 933 2213 catholicaet
981 2151 1145 2208 saerillcium
1164 2153 1339 2222 purissimum
1361 2163 1443 2225 atque
1466 2156 1652 2216 holocaustum
1676 2160 1775 2222 dininas

147 2245 281 2315 apostolica
297 2243 423 2300 Romana
442 2243 574 2312 Bedesis,
589 2262 639 2318 per
649 2255 740 2303 restra
754 2262 769 2302 a
784 2247 933 2322 licum
982 2242 1125 2299 suauitatis
1149 2243 1233 2300 odore
1257 2243 1395 2316 fragrante
1419 2247 1448 2302 in
1470 2263 1518 2304 ara
1546 2249 1631 2306 nestri
1653 2254 1775 2321 pectoris

147 2343 257 2404 protecta
287 2335 427 2393 laboriosa
453 2336 612 2402 certamina,
631 2335 749 2393 relevata
771 2337 931 2406 exsultat,a
982 2334 1042 2404 eius
1056 2335 1184 2391 invisibili
1207 2335 1342 2405 maiestati
1375 2340 1511 2404 mactatis,
1526 2347 1554 2395 et
1572 2354 1622 2409 pro
1641 2351 1697 2398 tam
1717 2359 1776 2400 mt-

37 2409 38 2478 Ῑ
146 2427 237 2499 templo
253 2437 351 2484 sancto
368 2428 440 2484 beati
454 2427 528 2483 Petri
554 2427 776 2486 lautorisrestri.
796 2428 931 2502 confirmo
981 2442 1034 2498 gna
1049 2427 1125 2482 rolris
1146 2440 1307 2482 consessas
1328 2427 1384 2488 lieo
1408 2443 1491 2499 super
1515 2444 1610 2487 omnes
1635 2447 1714 2502 reges
1728 2448 1776 2503 per

145 2515 376 2589 tar‚1teer,qunt
389 2527 550 2590 operatum
571 2517 688 2592 ilenti„
710 2518 863 2576 confirmat
878 2561 885 2576 .
899 2561 930 2575 ..
981 2519 1093 2575 beatum
1122 2518 1234 2576 Petrum
1255 2519 1354 2591 gratia,
1388 2520 1479 2577 nullus
1502 2522 1539 2578 sit
1553 2522 1587 2579 de
1609 2524 1776 2580 adversariis

145 2609 262 2678 operatus
278 2609 336 2684 est]
355 2611 383 2664 in
412 2610 498 2678 nolis,
523 2611 620 2667 crebro
646 2612 788 2668 omntiltos
812 2612 840 2667 in
854 2612 932 2669 rolris
981 2609 1029 2679 qui
1040 2615 1132 2665 vestro
1147 2607 1278 2666 mellifluo
1300 2596 1376 2667 cordi
1388 2610 1502 2667 suadere
1516 2611 1615 2677 ualeat,
1634 2614 1671 2670 alt
1683 2629 1776 2671 amore

147 2700 316 2771 triumphum,
333 2708 361 2756 et
376 2702 486 2757 mandat
509 2702 630 2771 quotidie
645 2702 773 2757 virtatem
793 2717 869 2758 suam
880 2718 933 2775 per
981 2700 1054 2757 beati
1071 2699 1146 2756 Petri
1164 2699 1278 2772 apostoli
1298 2700 1463 2771 protectoris
1483 2701 1567 2756 nestri
1589 2715 1637 2758 seu
1650 2717 1667 2758 a
1682 2713 1774 2760 nostra

145 2791 243 2848 leatxm
266 2794 380 2849 Petrrmr
402 2792 585 2863 apostolorum
603 2793 766 2864 principem,
778 2794 856 2851 robis
868 2795 933 2851 suls-
981 2790 1134 2858 dilectione,
1148 2799 1460 2863 qnamusqueoptautes
1468 2794 1773 2870 permanemusfflnmi.

142 2877 230 2948 iieiens
241 2897 341 2938 omnies
360 2881 492 2938 barbaras
506 2882 640 2948 nationes,
655 2881 772 2940 dilatans
782 2889 865 2954 atque
878 2900 932 2940 am
981 2882 1046 2938 add.
1065 2880 1214 2955 recederei,
1233 2890 1264 2937 ut
1286 2898 1341 2940 nnn
1357 2881 1466 2942 deliciet
1487 2881 1547 2941 laus
1568 2893 1660 2950 restra
1672 2900 1722 2956 per
1733 2897 1776 2944 to-

37 2967 38 2974 ’
143 2971 208 3044 plius
225 2972 392 3031 erattaasia
407 2981 464 3029 toto
484 2974 550 3030 orbe
564 2983 698 3029 terrarum
710 2974 932 3047 restrumspien·
980 2982 1040 3029 tum
1072 2974 1166 3031 orbem
1197 2981 1330 3030 terrarum
1364 2973 1461 3031 dente
1481 2973 1621 3029 nantium
1646 2974 1775 3034 rieteriat

144 3064 307 3119 minutum
330 3077 463 3134 regnum
483 3070 511 3117 et
524 3053 653 3135 quoniam
671 3077 726 3119 non
745 3062 930 3135 valetiingua
981 3064 1091 3122 robisa
1114 3065 1170 3122 lieo
1193 3080 1338 3123 eoncessm
1361 3066 1566 3138 praedicantium
1584 3082 1618 3125 sc
1637 3067 1776 3127 Manae

940 3114 967 3182 G

142 3161 233 3209 rostra
246 3150 382 3210 lereulum
396 3160 426 3208 ut
440 3150 551 3225 dignum
573 3161 615 3209 est
634 3152 669 3209 de
685 3160 777 3210 restro
798 3153 928 3225 praecelso
982 3156 1059 3212 tium.

37 3253 38 3298 ι
144 3243 254 3315 mihique
286 3243 448 3300 dulcissima
482 3258 575 3299 amore
608 3242 753 3314 explicare,
780 3244 929 3316 apostolica
1012 3247 1774 3325 Mapsoperelilcrttl.,dsot.,0peae]enimdirerimus,

37 3377 38 3396 ,
142 3346 201 3388 roce
225 3333 430 3405 proclamamus
449 3333 570 3390 dicentes
598 3333 692 3405 (llelr.
707 3334 750 3407 r):
781 3334 929 3407 Madiinrie
977 3346 1076 3395 vestre
1090 3338 1177 3411 regall
1199 3340 1327 3410 pooendm
1344 3340 1516 3398 lenissimos
1540 3343 1638 3399 tuissos
1653 3352 1773 3410 nostros,

37 3449 38 3472 r
142 3425 270 3498 rrsltisqse
286 3425 376 3480 modis
395 3419 465 3480 cliot'
476 3425 544 3480 lieres
568 3425 676 3495 loquens
697 3426 815 3498 putridas
827 3427 928 3499 inpro-

976 3433 1104 3492 videlicet
1124 3432 1330 3491 dilectissimum
1344 3432 1438 3490 tilium
1457 3444 1582 3491 nostram
1604 3434 1772 3507 ligationem

141 3516 223 3585 pletis,
239 3519 384 3574 messiae
402 3517 494 3573 dieser
518 3519 586 3584 istis,
600 3533 651 3589 per
664 3519 794 3591 unigeniti
813 3520 855 3577 sui
867 3535 927 3576 ma·

37 3653 38 3670 ,
140 3607 237 3677 gniiioe
257 3610 428 3682 operationis
452 3612 580 3668 uirtutem
604 3612 722 3668 ostcnrfit
749 3612 882 3684 magnalia
900 3613 927 3668 in

144 3693 200 3756 orie
223 3711 372 3768 terrarum,
391 3703 496 3758 donans
521 3704 598 3759 toliis
617 3718 668 3773 per
688 3704 797 3760 scarum
815 3703 927 3761 Petrum

37 3851 38 3856 ¹
140 3847 184 3901 pro
197 3834 365 3892 exaltatione
387 3842 490 3890 sanctas
505 3834 554 3891 lici
576 3834 705 3891 Ecclesiae
719 3852 727 3901 ;
748 3836 822 3891 etde
848 3836 928 3892 terri-

141 3903 203 3958 turio
214 3903 361 3960 &ripensi
372 3905 454 3977 iagro
479 3904 636 3976 Saltinrnsii
651 3906 732 3975 petit,
745 3915 776 3960 ut
789 3906 858 3961 sicut
867 3908 929 3977 pol·

140 3968 220 4028 licitus
230 3972 332 4037 luerat,
345 3975 375 4029 iu
399 3976 506 4046 integro
520 3975 565 4048 ,lin
576 3974 724 4048 intcgrmn]
743 3977 864 4032 contradi
879 3976 927 4046 iu·

37 4087 38 4124 3
140 4039 354 4101 maresan.

171 4123 184 4152 ⁸
201 4113 277 4168 Sum
292 4113 340 4179 il,
354 4116 415 4170 Bar.
427 4122 455 4169 et
467 4111 546 4170 Ceut.
567 4103 668 4171 Gnsrs.

169 4180 182 4221 ¹²
199 4183 248 4254 llic
260 4198 373 4254 semper
385 4184 480 4240 titulus
493 4185 520 4240 in
541 4188 717 4256 sequentibus
739 4186 861 4256 epistolis
880 4202 927 4244 cc·

37 4249 38 4320 l
138 4254 234 4319 oerrit3
251 4270 342 4326 quare
353 4254 503 4310 Attualistae
514 4255 584 4311 italo
603 4258 715 4313 easdem
740 4272 802 4312 curn
832 4257 927 4313 relatis

37 4373 38 4376 ,
139 4322 252 4380 miscenti
264 4340 322 4381 non
335 4325 510 4390 audiendum,
523 4334 553 4380 ut
573 4326 677 4381 aiebam
688 4329 718 4383 in
729 4342 828 4382 comm
840 4341 923 4397 praru.

136 4391 261 4461 enudus,
287 4402 397 4452 etcsm
421 4409 455 4450 eo
479 4395 516 4449 Pa
536 4396 578 4450 ius
608 4396 682 4466 (782,
704 4412 779 4452 num.
802 4397 924 4469 directe

137 4532 247 4599 msulae
259 4536 347 4606 ipsius
358 4535 499 4616 exordium
512 4535 651 4605 patefacit,
667 4538 786 4663 primam
800 4537 921 4618 omnium

138 4614 190 4668 tue
203 4613 357 4688 sequamur
373 4614 553 4687 conscriptam
577 4621 646 4662 csse
689 4616 812 4677 ropterea
824 4606 922 4662 Adria-

138 4673 923 4819 misssi”slarrllt‘ridiiltstiii

37 4847 38 4890 ι
138 4813 486 4883 nemesdcineuadaejus
504 4817 682 4897 possessione
697 4816 805 4872 siluisse
825 4832 920 4888 parum

37 4927 38 4930 ,
137 4883 257 4941 cedens
272 4893 326 4941 est.
345 4883 405 4939 lluc
421 4885 534 4952 accedit,
555 4885 626 4955 quod
639 4887 692 4942 iter
717 4887 862 4942 missorum
884 4885 922 4944 ul·

37 4973 38 5030 3
136 4954 308 5025 uacuoque
332 4953 457 5010 euntium
473 4956 573 5029 ‘eadem
588 4955 622 5012 de
638 4971 730 5021 causa
750 4965 778 5012 et
792 4956 922 5027 quidquid

37 5087 38 5100 χ
135 5032 231 5088 getam
250 5025 288 5079 alr
310 5022 344 5080 iis
367 5021 430 5092 suit,
458 5022 571 5092 iubente
594 5041 700 5097 semper
720 5026 828 5093 Carolo,
844 5041 922 5081 coar-

37 5111 38 5158 j
135 5093 196 5150 stari
209 5095 237 5149 in
251 5094 319 5150 artai
331 5094 412 5152 unius
438 5096 580 5166 angsrstias
604 5113 658 5152 oon
677 5096 789 5164 debent,
799 5098 921 5166 adeoque

134 5163 213 5229 ptime
227 5167 289 5221 lame
300 5165 406 5226 stlitem
421 5164 536 5234 epistola
550 5166 614 5222 huie
626 5182 697 5222 anno
711 5167 855 5223 tribuenda
865 5175 917 5226 est

134 5232 203 5296 nano
219 5250 254 5290 ex
272 5234 450 5305 sequentibus
470 5235 559 5306 palam
572 5235 629 5291 liet.
649 5234 733 5292 Csnn.

87 5361 91 5372 ,
165 5304 338 5361 ‘idoneum
362 5320 444 5376 supra
467 5310 521 5378 (ep.
546 5305 595 5370 dl,
618 5306 654 5362 al.
679 5306 725 5372 st,
748 5315 805 5361 not.
829 5306 853 5390 ὅ)
883 5306 927 5363 ab·

132 5370 245 5430 Adriano
255 5388 334 5444 eque
349 5374 526 5433 llistriensem
551 5376 717 5447 provinciam
731 5392 764 5433 ac
787 5376 919 5433 Samaeo-

133 5454 195 5522 teta,
210 5444 349 5500 Territorit'
363 5447 472 5502 nonnos
485 5447 540 5503 desi
560 5447 629 5503 nari.
649 5447 716 5504 Vide
736 5462 797 5518 quse
809 5447 845 5503 ibi
856 5454 919 5504 sunt

132 5510 200 5567 dcta
220 5515 255 5570 de
280 5514 342 5571 aliis
373 5516 528 5572 territoriis.
561 5535 587 5572 o.

162 5583 176 5622 ⁴
195 5584 327 5640 llcmnria
341 5587 515 5657 repetendum
534 5596 577 5643 est
592 5588 665 5658 quod
680 5604 753 5644 anne
778 5586 830 5642 ΤΠ
850 5587 917 5659 (ep.

134 5645 176 5718 dd,
192 5653 228 5707 al.
251 5653 300 5724 iti)
318 5656 532 5728 depatrimoniis
553 5658 668 5720 Tusciae.
694 5657 807 5731 Spoleti,
832 5658 919 5714 Bene

134 5723 393 5791 turc,t101stra,et
412 5725 530 5783 Sabinae
552 5725 712 5799 iampridem
725 5728 832 5786 donatis
856 5743 919 5784 san-

313 5821 446 5883 l’sroot.
469 5818 611 5884 xcvttt.

977 3523 1132 3589 diaconum
1151 3539 1200 3581 teu
1221 3523 1392 3582 Titeodorutn
1407 3524 1652 3581 conuentissimum
1670 3542 1773 3583 cotuu-

977 3616 1031 3671 lem
1052 3624 1081 3671 et
1105 3617 1211 3681 ducem,
1235 3623 1413 3686 nostrumque
1439 3624 1565 3686 nepotem
1587 3618 1613 3683 ⁸,
1636 3617 1684 3686 qui
1713 3617 1773 3674 rice

977 3713 1071 3763 nostra
1095 3705 1173 3761 voltis
1194 3705 1360 3762 enucleatius
1381 3703 1454 3760 sicut
1478 3702 1536 3772 eins
1556 3703 1584 3759 in
1608 3717 1659 3761 ore
1679 3706 1772 3776 posui·

977 3844 1028 3893 ctas
1048 3835 1106 3892 sedi
1127 3834 1215 3891 aicbat
1233 3833 1366 3917 pontifex.
1387 3831 1416 3891 ld
1432 3833 1504 3887 enim
1519 3832 1687 3916 discriminis
1700 3836 1771 3893 inter

976 3913 1141 3963 nremoratas
1163 3920 1321 3975 provincias
1345 3910 1479 3967 occurret,
1504 3906 1576 3972 quod
1595 3917 1674 3959 unrca
1690 3904 1771 3961 Sabi-

976 3980 1069 4034 nensis
1091 3986 1203 4030 vocatur
1223 3973 1365 4030 Seuinense
1382 3973 1595 4043 patrimoniunt,·
1613 3973 1678 4044 quia
1697 3973 1771 4031 scili·

943 4101 946 4105 Δ
976 4056 1019 4104 cct
1033 4044 1225 4117 patrimonium
1242 4043 1450 4098 et'territorium
1475 4041 1663 4099 indifferenter
1675 4046 1768 4116 appel-

974 4116 1083 4172 labatur
1097 4131 1128 4170 ea
1140 4113 1289 4186 provincia,
1306 4120 1336 4168 ut
1348 4112 1404 4170 titi
1418 4113 1445 4166 in
1457 4110 1563 4168 Gomrn.
1575 4126 1659 4182 praev.
1680 4114 1767 4187 (num.

976 4186 1034 4256 δι).
1064 4187 1093 4242 ld
1110 4186 1133 4242 si
1152 4184 1176 4238 l>
1211 4186 1254 4240 ius
1280 4183 1524 4247 animaduertisset,
1547 4182 1620 4238 huod
1643 4182 1770 4242 invertis-

976 4266 1018 4312 set
1044 4254 1172 4327 epistolas
1219 4270 1252 4310 ac
1273 4254 1308 4310 de
1327 4268 1358 4309 rc
1382 4261 1503 4324 agentes,
1518 4260 1560 4318 ut,
1572 4252 1767 4311 territoriuma

974 4321 1673 4465 tilllititittliiiasiii”illidiili
1686 4325 1767 4460 “iii'‘

976 4414 1006 4452 se
1513 4431 1520 4447 ·
1590 4432 1598 4458 ,
1631 4433 1638 4447 ·
1676 4410 1684 4459 r

37 4469 38 4478 ¹
139 4459 199 4517 lanc
210 4465 356 4535 epistolam
378 4463 479 4535 aliisp
528 4473 608 4520 erant
627 4468 661 4522 de
683 4465 867 4523 Ternsabiu.
888 4466 1003 4529 lton.
1026 4464 1079 4548 l),
1109 4481 1171 4520 narn
1194 4464 1295 4521 Gointii
1328 4463 1548 4520 allucinationem
1583 4477 1638 4518 oon
1671 4465 1768 4521 sensit.

974 4537 1068 4592 Noton
1083 4544 1173 4590 autem
1186 4535 1275 4599 debet,
1298 4547 1352 4589 non
1375 4532 1458 4589 modo
1481 4532 1599 4598 nomine,
1616 4534 1664 4589 sed
1686 4535 1769 4592 etiarn

974 4606 1138 4671 conditione,
1153 4604 1319 4661 territorium
1338 4603 1410 4660 istud
1422 4603 1585 4675 patrimonia
1600 4602 1711 4673 imitari,
1726 4614 1771 4661 ot-

973 4685 1038 4748 pote
1057 4674 1217 4801 pelpegrinis,
1243 4675 1417 4746 pauperinus,
1433 4688 1466 4729 ac
1487 4672 1666 4730 luminaribus
1689 4676 1769 4732 addl·

991 4756 1058 4801 tum.
1077 4780 1079 4783 >
1111 4783 1119 4798 .

974 4763 990 4803 c
1014 4828 1027 4858 ο
1047 4815 1164 4871 Titulum
1179 4814 1330 4868 commatris
1352 4828 1460 4883 semper
1482 4811 1610 4895 deinceps
1635 4812 1764 4871 inuenies.

973 4886 1094 4958 quandiu
1107 4884 1275 4955 llildegardis
1287 4884 1379 4955 regina
1394 4892 1532 4954 superstes
1546 4883 1608 4949 lurt,
1626 4884 1699 4953 quod
1714 4901 1767 4940 non

974 4957 1081 5014 modico
1095 4953 1251 5024 adiumento
1270 4962 1313 5010 est
1333 4954 1368 5009 ad
1393 4952 1545 5010 litterarum
1564 4952 1768 5025 chronologiam

972 5026 1174 5085 stabiliendam.
1192 5025 1230 5079 ln.
1716 5084 1719 5090 ¹

1010 5096 1140 5152 tenetote
1158 5093 1302 5151 lectionem
1314 5093 1460 5149 restituunt
1478 5093 1605 5150 Lamber-
1626 5102 1655 5148 et
1674 5092 1769 5149 Genti-

970 5167 1020 5223 lnt.
1040 5166 1111 5235 Quid
1122 5175 1213 5221 autem
1225 5163 1352 5220 sitiretis
1372 5164 1530 5220 adverbium
1553 5179 1630 5235 opere
1646 5163 1673 5219 ln
1693 5164 1767 5219 hisce

970 5237 1070 5294 litteris
1084 5252 1138 5292 non
1159 5234 1242 5291 semel
1260 5249 1406 5290 oecrrrrens
1431 5232 1550 5304 Drtcang.
1575 5233 1645 5289 lorte
1659 5249 1712 5288 oon
1727 5247 1766 5288 as

971 5317 1089 5372 secutus,
1103 5321 1197 5362 vocem
1211 5304 1350 5376 praeteriit.
1376 5304 1483 5368 Eadem,
1499 5314 1541 5360 cst
1555 5319 1624 5359 usus
1639 5301 1766 5371 saepsit

972 5378 1026 5449 (ep.
1041 5378 1074 5442 ll,
1090 5376 1125 5431 al.
1142 5376 1169 5448 6)
1183 5375 1265 5431 simili
1277 5389 1389 5445 pmrsus
1403 5377 1529 5441 notione;
1543 5374 1582 5429 ait
1593 5373 1674 5435 enirn,
1691 5387 1768 5441 opere

971 5464 1083 5530 nemque
1094 5446 1247 5528 direximus,
1262 5451 1292 5499 ut
1308 5445 1359 5527 hic·
1372 5445 1528 5528 ridrlanus:
1546 5455 1629 5513 quare
1646 5442 1706 5523 lto'c·
1717 5442 1765 5498 ed-

972 5519 1094 5616 nerbrum
1104 5532 1155 5642 pro
1167 5514 1265 5569 rdrrrcn
1280 5525 1326 5571 aut
1337 5516 1419 5572 stmtlr
1441 5517 1475 5571 alr
1491 5522 1605 5584 utroque
1617 5511 1766 5568 adhibitum

971 5596 1194 5729 uoieiiir'epis'tola
1220 5668 1306 5726 nuper
1325 5654 1434 5710 laudata
1451 5652 1501 5722 so,
1518 5654 1554 5710 al.
1568 5653 1612 5721 ts,
1624 5653 1658 5711 de
1668 5652 1766 5712 sslustri

972 5729 1027 5790 hoc
1040 5729 1098 5785 siro
1109 5735 1151 5785 est
1165 5726 1268 5784 dictum
1282 5725 1375 5798 (not).
1388 5724 1426 5780 ln.
1489 5818 1525 5880 ss
