4050 6192
218 395 285 452 laet

570 390 658 447 blatii
677 391 847 448 ctubttt‘t.
867 423 886 434 -
921 396 1068 453 abesan.
1087 427 1122 437 -·
1141 393 1348 450 CCNVENTUS
1367 393 1478 450 erinis

1772 398 1842 453 1550

215 516 327 561 orantur
338 513 492 559 sanctorum
505 503 605 574 effigies
616 512 642 557 et
658 505 800 575 imagines,
819 512 848 560 et
865 507 951 576 signa.
970 509 999 563 Si
1013 515 1039 574 Α
1053 510 1109 565 sive
1123 509 1267 580 imaginem
1278 517 1305 563 et
1320 524 1375 563 rem
1388 508 1487 577 ipsam:
1497 503 1586 574 ugera
1598 512 1744 578 prestabat
1758 510 1840 566 vitam

214 577 285 631 cuim
299 582 328 629 nt
343 574 426 629 ὓιιιιιι
446 573 560 629 adorant
571 574 701 643 lignorum
719 575 848 645 imagines
868 577 1002 633 debebant

213 647 324 700 omnino
336 653 363 698 et
374 653 472 699 caetera
483 643 553 713 ligna
563 645 688 708 adorare;
706 646 728 700 si
741 660 804 699 vero
816 654 846 697 nt
855 645 938 701 Derim
952 649 1001 702 ad·

213 723 325 770 orarent
340 714 450 783 lignum,
466 730 519 768 non
532 715 641 770 omnino
652 715 739 770 deleta
752 714 838 784 effigie
856 715 1001 786 imaginem

212 785 398 842 incenderent.
412 805 422 836 ι
441 784 522 837 —Et
536 784 647 838 itemm:
665 804 673 835 ι
690 784 790 838 bamus
807 799 867 852 quac
880 795 943 838 suat
956 801 1003 839 an·

213 871 283 910 nexa
307 856 359 909 duo
385 854 455 924 ligna
467 854 564 916 erucis,
585 855 668 908 adoro
679 856 785 924 signum
793 862 912 977 (propter
924 852 1002 909 Chri-

213 935 284 980 stnm
306 924 351 993 qui
366 925 434 979 inea
453 923 598 978 crucifixus
611 931 662 988 est,
682 932 709 977 at
729 924 774 979 ubi
811 924 878 978 ivisa
902 922 1002 979 inerint

212 997 247 1050 ab
258 995 428 1056 alterutrum,
445 992 557 1062 projicio
574 1001 646 1048 caet
667 994 790 1049 incendo.
821 994 854 1047 Et
869 993 939 1049 sicut
953 995 1000 1064 qni

211 1064 357 1132 jussionem
382 1063 553 1131 imperatoris
581 1063 739 1133 suscipiens,
760 1071 787 1116 et
807 1063 944 1118 osculatus
958 1074 999 1119 est

212 1136 328 1205 siguum,
342 1149 395 1188 non
409 1132 493 1186 lutum
505 1132 619 1188 honorat
635 1141 682 1188 ant
698 1134 830 1196 chartam,
855 1140 900 1186 aut
910 1133 999 1202 plum·

211 1205 285 1267 bnur,
305 1204 351 1258 sed
366 1203 522 1270 imperatori
534 1203 685 1258 salutemet
697 1203 896 1257 venerationem
909 1202 999 1257 reddi-

211 1274 260 1338 dit,
277 1274 316 1327 sie
328 1282 355 1327 et
362 1271 577 1327 Christianorum
583 1273 658 1341 pueri
670 1273 775 1342 signum
790 1272 999 1327 cruclsadoran·

212 1352 253 1399 tes
266 1359 319 1397 uon
331 1352 455 1396 vratrrram
466 1343 529 1411 ligni
543 1356 713 1406 veneramur,
729 1343 775 1396 scd
786 1342 1000 1413 signumethgu-

211 1429 269 1468 ram
281 1411 391 1472 Christi,
402 1413 489 1482 ipsum
501 1411 630 1474 videntes,
644 1413 795 1483 peripsum,
804 1412 850 1480 qui
861 1413 887 1466 tn
898 1429 929 1466 ea
940 1427 999 1468 cru·

211 1483 307 1538 citisus
318 1491 368 1547 est,
383 1482 538 1536 osculamur
551 1489 578 1535 et
590 1482 741 1544 adoramus,
760 1491 829 1536 etro
847 1512 882 1522 -
895 1481 928 1536 Et
937 1491 999 1551 post

210 1568 310 1622 pauca:
334 1570 342 1602 ι
361 1551 436 1607 Sicut
449 1552 520 1605 euim
533 1552 635 1621 virgam
648 1551 749 1607 Christi
773 1566 881 1606 crucem
903 1553 998 1607 adora·

210 1639 280 1689 rrius,
298 1623 367 1677 sicut
388 1622 460 1676 euim
473 1622 562 1676 sedem
580 1629 607 1676 et
620 1621 716 1677 lectum
743 1620 801 1689 ejrrs
816 1629 937 1676 sanctum
954 1637 997 1677 se·

209 1692 343 1762 pulcrum,
356 1692 501 1746 sicutenim
509 1692 803 1762 domnanpraesepium,
813 1691 995 1758 etBethleem,

1052 578 1238 648 temporalem,
1252 593 1296 633 res
1309 579 1374 647 ipsa,
1392 579 1468 646 errius
1476 579 1533 649 ipsa
1544 580 1629 648 ligura
1648 589 1717 645 erat,
1732 590 1841 650 presta·

1051 650 1097 704 bat
1112 650 1193 703 vitam
1204 658 1343 710 aeternam,
1361 657 1414 703 ete.
1438 669 1446 701 r

1087 718 1152 774 item
1165 718 1250 772 sancti
1265 716 1406 787 Augustini
1418 718 1450 773 de
1463 716 1532 773 libro
1545 717 1626 772 tertio
1638 727 1740 774 sanctae
1749 719 1841 773 Trini-

1051 787 1124 854 tatis,
1138 789 1209 842 inter
1222 795 1335 842 cetera:
1352 804 1362 837 ι
1376 787 1441 841 Nam
1458 789 1528 843 sicut
1543 787 1841 859 unctiolapidls,Chr1·

1051 867 1122 912 stnm
1134 875 1160 911 m
1169 872 1252 912 carne
1265 858 1291 911 iu
1302 865 1459 927 qnannctns
1470 866 1511 913 est
1522 856 1582 913 oleo
1590 857 1778 913 exsultationis
1786 871 1842 928 prae

1050 927 1227 998 participibus
1242 927 1306 989 suis,
1319 928 1356 980 ita
1369 927 1442 997 virga
1454 928 1538 998 Moysi
1550 943 1680 982 conversa
1693 928 1721 982 in
1731 943 1841 996 serpen·

1051 1005 1105 1051 tem
1125 998 1211 1067 ipsum
1226 996 1363 1052 Christum
1384 995 1484 1052 lactum
1509 998 1676 1052 obedientem
1698 1011 1783 1066 usque
1806 998 1840 1051 ad

1050 1076 1165 1122 mortem
1180 1064 1246 1134 ejrrs,
1260 1067 1332 1120 unde
1350 1067 1398 1131 alt,
1415 1068 1482 1121 sicut
1493 1065 1615 1120 erelieva
1626 1066 1728 1137 llogses
1739 1082 1842 1136 serpen·

1049 1145 1100 1190 tem
1118 1138 1146 1191 io
1159 1152 1244 1191 eremo
1265 1135 1350 1208 (Prel.
1375 1135 1471 1208 anxir).
1491 1135 1549 1189 »m
1571 1143 1632 1207 post
1648 1145 1767 1191 cetera:
1783 1153 1793 1186 ι
1810 1134 1840 1190 st

1049 1205 1184 1261 intuentes
1196 1206 1271 1259 illum
1285 1214 1437 1274 serpentem
1454 1205 1601 1261 exaltatum
1620 1205 1646 1259 iu
1661 1219 1764 1270 eremo,
1783 1219 1840 1260 ser-

1048 1284 1160 1345 pentum
1174 1274 1308 1330 morsibus
1319 1290 1371 1329 non
1394 1275 1528 1346 peribunt,
1553 1283 1630 1330 vetus
1655 1276 1736 1331 homo
1747 1285 1842 1329 noster

1049 1345 1194 1400 cruciarus
1210 1353 1251 1400 est
1265 1343 1338 1399 cruci
1352 1344 1487 1400 camillo:
1512 1358 1561 1414 pcr
1570 1352 1722 1414 serpentem
1748 1354 1838 1399 antem

1049 1430 1123 1470 mors
1144 1414 1228 1470 intelli
1247 1415 1312 1478 itur,
1332 1429 1392 1483 qua
1413 1413 1483 1470 lacta
1510 1422 1551 1469 est
1570 1430 1586 1468 a
1604 1421 1728 1483 serpente
1739 1414 1766 1468 in
1787 1427 1838 1482 pa-

1048 1486 1158 1551 radiso,
1180 1432 1260 1539 moia
1285 1483 1429 1539 locutionis
1459 1498 1507 1554 per
1529 1482 1688 1539 efficientem
1715 1483 1741 1538 id
1765 1482 1838 1552 quod

1048 1555 1172 1610 edicitur.
1214 1554 1421 1608 Demonstrante
1441 1567 1506 1623 ergo
1532 1553 1609 1623 virga
1638 1553 1665 1608 iu
1700 1560 1836 1622 serpente,

1048 1622 1172 1679 Christus
1186 1624 1213 1678 iu
1226 1631 1322 1686 morte,
1346 1632 1373 1677 et
1386 1638 1496 1693 serpens
1513 1637 1607 1677 mrsus
1618 1623 1645 1676 iu
1656 1621 1741 1692 virga,
1761 1620 1840 1678 Chri·

1049 1702 1107 1749 stus
1129 1694 1156 1749 in
1171 1693 1378 1757 resurrectione,
1394 1701 1467 1749 totns
1480 1693 1507 1747 in
1526 1707 1639 1764 corpore
1653 1706 1702 1747 suo
1717 1691 1787 1762 quod
1797 1697 1839 1746 est

209 1771 236 1815 et
249 1771 345 1817 cetera
356 1769 448 1816 sancta
462 1760 520 1830 ejus
532 1762 714 1825 tabernacula,
734 1760 883 1816 sicutenim
896 1762 998 1816 amieos
1048 1762 1179 1829 Ecclesia,
1195 1773 1248 1818 ete.
1268 1783 1278 1814 ι

208 1831 278 1901 ejus,
292 1831 426 1901 apostolos
439 1832 505 1900 ejus,
520 1841 548 1886 et
561 1841 669 1887 sanctos
683 1840 824 1902 martyres,
839 1838 866 1886 et
879 1831 1036 1926 reliquos„
1084 1833 1149 1889 ltem
1169 1831 1242 1889 beati
1253 1832 1397 1904 Augustini
1409 1834 1436 1888 in
1456 1832 1527 1888 libro
1543 1831 1628 1886 Exodi
1643 1831 1835 1885 intercatera:

209 1911 327 1966 sanctos,
343 1901 443 1957 Christi
456 1917 519 1957 vero
532 1903 684 1973 passionem
700 1901 858 1957 ineeclesiis
871 1901 935 1954 etin
950 1901 997 1958 do
1087 1903 1340 1968 ‹Factacredimns,
1357 1902 1581 1972 quemadmodum
1597 1899 1795 1971 iactalcgimns,
1811 1908 1839 1954 et

209 1973 297 2027 ritihus
306 1981 333 2026 et
347 1972 373 2026 in
384 1971 489 2042 plateis,
502 1981 529 2026 et
542 1972 569 2026 iu
583 1972 753 2042 imaginibus,
768 1979 795 2024 et
805 1971 831 2026 in
845 1970 920 2035 velis,
934 1971 995 2026 etin
1049 1979 1138 2028 tamen
1149 1974 1206 2043 ipsa
1220 1973 1291 2028 lacta
1305 1974 1428 2028 umbram
1448 1970 1530 2028 luisse
1543 1971 1705 2036 interorum,
1731 1976 1839 2037 aposto-

209 2042 352 2107 eubiculis,
367 2043 426 2096 etin
440 2042 568 2104 vestibus,
581 2050 608 2095 et
620 2043 647 2096 iu
659 2042 731 2096 urrini
745 2040 804 2096 loco
814 2042 994 2109 designamus,
1048 2042 1100 2098 lica
1111 2044 1233 2098 doctriua
1247 2043 1443 2113 cognoscimus.
1469 2041 1669 2110 Putamnsergo
1681 2039 1838 2109 spiritaliter

208 2122 238 2166 ut
257 2112 440 2167 indesinenter
452 2113 612 2181 aspicientes
624 2113 682 2167 bac
704 2112 885 2174 recordemur,
901 2121 928 2165 et
941 2127 994 2166 non
1047 2126 1108 2168 csse
1115 2113 1299 2182 investiganda
1309 2127 1368 2182 qum
1377 2111 1448 2166 iacta
1460 2121 1533 2178 sunt,
1547 2111 1617 2166 iacta
1626 2119 1839 2165 mnreuessene-

207 2182 409 2246 obliviscamur,
427 2182 496 2235 sicut
519 2188 546 2236 tn
562 2183 659 2238 oblitus
672 2197 701 2237 es
719 2181 825 2236 bomini
840 2181 886 2235 liei
900 2181 949 2245 tui,
969 2189 996 2236 et
1047 2197 1111 2251 gare
1120 2198 1173 2238 non
1183 2198 1346 2254 possumus,
1362 2190 1414 2237 etc.
1433 2202 1443 2234 r

208 2253 278 2308 sicut
289 2260 316 2305 tu
327 2252 442 2308 adorans
453 2251 550 2306 libmm
564 2252 630 2323 legis
642 2268 696 2307 non
706 2259 831 2306 naturam
845 2250 953 2320 pellium
968 2258 996 2305 et
1082 2252 1147 2307 ltem
1159 2254 1216 2324 ipse
1230 2253 1256 2307 in
1273 2251 1376 2322 psalmo
1399 2267 1477 2308 arnt:
1512 2268 1521 2304 r
1539 2249 1596 2304 imo
1607 2247 1662 2318 jam
1680 2247 1707 2303 in
1729 2246 1838 2302 nomine

207 2322 351 2377 atramenti
373 2322 480 2385 adoras,
503 2322 550 2377 sed
572 2324 652 2377 verba
670 2321 717 2376 Ilei
739 2337 800 2392 quae
817 2321 843 2374 in
862 2336 895 2375 eo
909 2321 996 2375 eonti-
1046 2320 1148 2393 Christi
1168 2324 1261 2377 venire
1282 2323 1460 2391 gaudeamus,
1480 2320 1536 2390 jam
1555 2327 1678 2375 tenentes
1700 2325 1837 2387 sceptrum

209 2399 315 2446 nentur.
346 2391 391 2446 Sic
403 2401 430 2447 et
447 2407 496 2462 ego
514 2393 656 2462 imaginem
674 2390 773 2446 Christi
788 2392 913 2453 adorans,
942 2407 994 2445 non
1046 2391 1396 2462 subdunturlignocrucis,
1413 2390 1469 2458 jam
1491 2388 1837 2460 litquudpraedictumest,

208 2470 331 2517 naturam
342 2462 359 2515 li
380 2477 474 2517 norum
487 2472 533 2517 aut
547 2464 666 2516 culorum
679 2459 772 2525 adoro,
785 2462 864 2523 absit,
877 2461 924 2515 sed
935 2460 995 2513 ina
1046 2462 1199 2516 adorabunt
1211 2479 1270 2516 enm
1284 2478 1371 2516 omrrcs
1386 2477 1455 2532 repes
1474 2471 1561 2524 terne,
1578 2475 1667 2514 omnes
1685 2467 1772 2528 pentes
1783 2473 1837 2510 ser·

209 2532 308 2585 nimata
325 2531 351 2586 in
362 2479 477 2602 irgnram
495 2532 595 2587 Christi
609 2541 713 2595 tenens,
734 2545 850 2601 peream
858 2530 995 2585 Christum
1046 2533 1112 2585 eisot
1127 2531 1167 2585 illi
1187 2531 1274 2603 (Paul.
1295 2530 1381 2602 esst).
1400 2529 1460 2585 iam
1472 2532 1544 2586 enirn
1556 2531 1582 2584 in
1595 2529 1729 2585 frontibus
1741 2541 1836 2597 regum

208 2616 289 2670 spero
308 2609 399 2656 tenere
408 2613 437 2655 et
453 2601 576 2657 adorare.
592 2623 601 2654 ι
621 2602 653 2655 lit
665 2601 734 2655 inira
748 2602 885 2670 seqnitur:
902 2619 911 2650 ι
927 2599 995 2653 Nam
1044 2597 1834 2724 pretiosiusestsignumcrucisquamgemmadiadematis.v

207 2682 235 2726 et
247 2670 320 2740 ipsos
339 2671 408 2725 illios
420 2680 537 2736 nostros,
549 2683 576 2726 et
589 2679 678 2742 patres
693 2670 778 2725 laetos
794 2671 953 2732 existentes,
967 2678 995 2724 et
1080 2670 1144 2726 item
1151 2672 1291 2743 Augustini
1302 2672 1335 2726 de
1348 2671 1523 2726 illiohbrahae
1550 2669 1651 2724 uctoad
1662 2667 1838 2730 sacrificinm,

207 2750 362 2811 peccatores
375 2741 472 2810 saeplus
483 2742 644 2802 osculamur,
656 2749 684 2795 et
697 2757 749 2796 non
766 2742 792 2795 in
806 2741 858 2795 hoc
868 2741 995 2795 condem-
1045 2739 1234 2796 internectere:
1251 2759 1261 2792 ι
1277 2740 1335 2796 Νοιι
1348 2743 1419 2796 enim
1432 2740 1534 2796 irustra
1544 2740 1609 2794 moti
1620 2738 1694 2797 estis.
1710 2751 1771 2791 eum
1785 2736 1837 2790 lrue

207 2811 341 2876 trahimur,
359 2827 412 2866 non
434 2820 463 2865 ut
477 2812 542 2866 deos
556 2827 602 2867 eos
615 2813 778 2876 osculamur,
806 2811 853 2865 sed
874 2824 994 2864 amorem
1045 2810 1173 2878 dicerem,
1187 2828 1253 2867 ema
1264 2828 1364 2866 cornua
1380 2811 1470 2865 halet:
1487 2809 1603 2866 sicenim
1618 2810 1670 2862 ‹luu
1681 2807 1752 2877 ligna
1760 2820 1835 2860 corn-

207 2888 307 2936 nostre
320 2892 433 2946 nature,
460 2897 540 2953 quem
560 2895 623 2952 erga
634 2896 681 2936 eos
705 2881 834 2935 babemus
846 2895 895 2951 per
912 2895 993 2935 oscu—
1043 2880 1228 2950 pingunturin
1243 2897 1282 2946 se,
1300 2888 1331 2935 ut
1350 2880 1464 2950 speeiem
1488 2879 1577 2935 crucis
1603 2878 1724 2933 reddant.
1759 2876 1837 2930 Sicut

207 2950 262 3004 lum
273 2952 449 3007 ostendimus.
486 2950 562 3007 Sicut
583 2954 655 3007 enlm
671 2951 808 3005 multoties
820 2950 875 3004 dixi
895 2964 902 3002 :
919 2949 994 3005 hiens
1044 2964 1109 3020 ergo
1127 2952 1246 3023 imagine
1266 2951 1356 3007 crucis
1379 2951 1471 3005 multis
1493 2949 1703 3011 locisvidemns,
1725 2954 1754 3001 ut
1769 2944 1835 2999 liant

206 3026 343 3076 serutatur
355 3023 381 3077 in
394 3021 466 3076 omni
480 3022 582 3086 osculo,
592 3030 620 3076 ct
630 3023 658 3076 ln
671 3021 743 3076 omni
753 3021 919 3085 adoratione,
928 3028 993 3085 etc,
1044 3020 1097 3074 duo
1109 3036 1218 3084 cornua,
1239 3022 1336 3092 quibus
1349 3020 1497 3091 inligantur
1511 3035 1616 3083 manus,
1637 3016 1766 3073 cornibus
1776 3015 1833 3070 hae-

206 3091 255 3154 sie,
283 3092 412 3154 chamo,
440 3092 655 3147 Christianorum
709 3090 765 3160 puli
791 3090 993 3160 quanticunque
1044 3096 1148 3145 rentem
1161 3091 1274 3146 arietem
1286 3091 1444 3145 crucilixnm
1456 3090 1599 3145 Dourinum
1611 3086 1699 3150 video,
1718 3093 1802 3140 etc.»

205 3161 281 3229 sigua
298 3163 386 3217 crucis
399 3170 427 3217 ct
438 3162 583 3232 imaginum
608 3177 672 3217 oscu
684 3170 772 3224 antur,
799 3176 852 3214 non
874 3160 940 3229 ipsis
948 3174 993 3213 re·
1079 3159 1382 3216 ltemsanetiSeteriani
1395 3159 1835 3216 Gabalensisdesermonesanctur

205 3230 371 3286 iterationem
386 3232 464 3301 lignis
478 3241 524 3287 aut
537 3233 669 3302 lapidibus
679 3231 828 3300 proferunt,
855 3238 902 3284 aut
914 3245 990 3295 auro,
1006 3210 1029 3273 C
1045 3231 1144 3295 crucis,
1160 3231 1360 3288 interemtam:
1384 3249 1394 3282 ι
1412 3230 1495 3286 Putas
1517 3246 1570 3285 non
1582 3237 1641 3284 erat
1652 3225 1757 3296 justum
1769 3224 1832 3290 dici,

205 3307 252 3352 ant
265 3310 399 3370 corrupte
412 3303 531 3372 imagini,
545 3311 592 3358 ant
609 3303 729 3372 lipsanis,
749 3302 796 3356 sed
814 3316 863 3370 per
880 3300 926 3354 illa
938 3300 993 3356 Deo
1044 3300 1067 3355 si
1084 3303 1144 3370 quis
1161 3312 1281 3357 restrum
1302 3317 1408 3357 rurorsus
1430 3300 1520 3365 inerit,
1539 3298 1666 3369 respiciat
1690 3297 1717 3351 in
1734 3293 1834 3377 coelum

206 3370 333 3432 creatori,
353 3371 399 3437 qui
412 3377 439 3423 et
450 3385 543 3426 eorum
554 3381 581 3426 ct
599 3372 719 3425 omnium
740 3378 846 3426 creator
865 3378 916 3434 cst,
937 3370 994 3439 glo·
1044 3386 1150 3426 sursum
1169 3373 1202 3426 ad
1215 3373 1309 3437 Derim,
1324 3380 1352 3426 et
1363 3371 1526 3426 salvabitur?
1556 3369 1592 3425 Ut
1603 3369 1676 3423 enim
1693 3374 1719 3420 ct
1731 3366 1834 3419 attendt

207 3437 274 3490 riam
290 3445 317 3491 et
326 3440 458 3502 osculum,
475 3448 502 3493 et
512 3441 711 3494 venerationem
728 3441 855 3495 offerunt.
873 3460 882 3492 r
907 3440 940 3494 Et
953 3440 994 3494 in·
1044 3440 1112 3495 roelo
1141 3443 1282 3511 relinquat,
1304 3459 1356 3496 uun
1380 3441 1467 3512 potnit
1489 3440 1588 3504 dicere,
1604 3438 1625 3494 si
1648 3436 1709 3505 quis
1726 3449 1833 3488 morsrrs

206 3504 263 3559 lra:
284 3525 293 3556 ι
308 3504 358 3572 Qui
375 3508 448 3562 enirn
461 3509 548 3579 diligit
558 3510 675 3564 anticum
689 3524 778 3575 snum,
793 3519 839 3563 aut
850 3524 951 3579 regem,
966 3516 993 3564 et
1044 3509 1135 3573 luerit,
1149 3513 1261 3579 aspiciat
1272 3513 1408 3566 lucernam
1424 3509 1542 3574 luminis,
1553 3519 1580 3562 ct
1595 3505 1760 3562 salvabitur?
1784 3503 1835 3559 hut

205 3576 291 3646 magis
316 3578 545 3634 benemerentem
560 3578 616 3633 sive
639 3577 722 3631 iillum
735 3578 794 3646 ejus
813 3579 916 3641 videns,
937 3578 993 3632 sive
1043 3580 1156 3648 aspiciat
1167 3582 1201 3634 ad
1218 3595 1338 3634 inensam
1351 3579 1541 3648 propositionis
1552 3587 1706 3633 sanctorum
1721 3587 1831 3644 panum,

119 3650 123 3658 ⁴
207 3646 319 3714 virgam,
332 3647 388 3702 sive
399 3649 499 3712 sedem,
512 3649 569 3703 sive
580 3663 719 3712 coronam,
734 3650 790 3702 sive
804 3650 922 3710 domurn,
937 3648 994 3701 sive
1043 3658 1070 3702 et
1081 3648 1244 3703 salvabitur?
1273 3649 1327 3703 hut
1341 3649 1375 3702 ad
1390 3649 1484 3712 altare,
1505 3655 1550 3701 ant
1566 3647 1600 3702 ad
1619 3646 1719 3707 veluru,
1740 3652 1787 3697 aut
1806 3644 1834 3697 in

205 3729 313 3771 serrum
325 3724 419 3772 teneus
435 3720 610 3774 osculaturct
622 3720 736 3772 honorat
755 3733 804 3787 per
815 3719 865 3772 lros
884 3717 995 3770 benela·
1043 3733 1146 3782 arcam,
1163 3727 1209 3774 ant
1221 3720 1248 3773 in
1267 3718 1414 3804 imaginem
1425 3717 1565 3780 cherubin,
1594 3712 1832 3784 autinpropitia·

205 3795 317 3850 ctorem,
331 3788 549 3859 etmagislleum.
570 3787 681 3856 Quando
693 3787 765 3841 enim
776 3787 852 3841 vides
862 3786 994 3840 Christia-
1033 3785 1153 3852 lorium,
1167 3788 1289 3842 sednihil
1304 3788 1398 3842 horum
1411 3787 1444 3841 ad
1462 3786 1580 3840 medium
1593 3786 1704 3840 adduxit
1726 3782 1834 3852 legisla-

205 3870 256 3909 nos
266 3856 410 3910 adorantes
424 3874 542 3923 crucem,
563 3872 705 3928 cognosce,
722 3857 849 3926 «quoniam
863 3855 994 3910 crucifixo
1043 3864 1087 3909 tor
1097 3871 1220 3977 magnus,
1239 3855 1376 3914 scdsolam
1390 3857 1449 3912 livit
1460 3857 1548 3912 carreis
1558 3856 1712 3925 imaginem,
1725 3861 1752 3910 et
1763 3852 1833 3906 banc

205 3925 858 4000 Christoadorationemprolernntetnonligno.
887 3924 954 3978 h'am
970 3925 992 3980 si
1077 3940 1148 3978 rma
1159 3927 1274 3981 edietum
1290 3936 1452 3997 serpentem.
1476 3922 1831 3982 Dicmihiutlrdellsiamn-

205 4003 330 4048 naturam
344 3994 407 4064 ligni
423 4000 541 4053 venerati
554 4005 654 4061 essent,
668 3997 778 4052 omrrino
790 4004 818 4050 et
835 3996 954 4059 arbores,
967 4003 993 4050 et
1054 4009 1095 4060 us,
1115 3996 1187 4064 quoa
1202 3997 1341 4052 interdicis
1352 3995 1429 4062 lacis,
1454 3996 1525 4065 quod
1540 3995 1725 4056 abrenuntias,
1744 3992 1830 4047 ardili-

205 4078 316 4119 nemora
332 4065 485 4132 adorarent,
504 4070 574 4123 sient
590 4077 617 4120 et
629 4074 657 4120 tu
671 4066 815 4134 aliquando
832 4064 914 4119 lsrael
932 4065 994 4120 ado
1043 4080 1099 4130 cas,
1114 4065 1160 4146 qni
1171 4064 1533 4138 dieisll'onsnclcssculptile
1544 4076 1567 4120 et
1577 4063 1760 4136 [aedelhard.
1773 4060 1831 4134 xx),

205 4134 284 4189 tabas
300 4135 392 4189 diceris
413 4139 503 4192 arbori
522 4138 633 4206 etligno
651 4151 658 4189 z
675 4133 714 4189 i'u
736 4137 838 4189 milriea
867 4135 945 4201 Heus,
968 4144 992 4188 et
1043 4135 1143 4205 senlpts
1154 4136 1323 4206 serpentem?
1362 4135 1415 4196 Sed
1435 4135 1480 4189 illa
1498 4136 1604 4205 quidem
1624 4136 1682 4203 lege
1694 4133 1780 4203 posui,
1802 4139 1833 4186 nt

205 4212 233 4256 tu
257 4219 298 4257 mc
319 4207 431 4272 genuisti
449 4207 615 4278 (lacerna).
647 4206 718 4276 Ergo
739 4222 791 4260 non
815 4206 856 4260 sic
879 4204 993 4260 dicimus
1044 4205 1170 4261 materias
1194 4206 1348 4261 abscindam
1373 4205 1528 4276 impietatis,
1559 4214 1587 4261 et
1605 4206 1733 4275 populum
1760 4204 1833 4257 hrrnc

205 4274 290 4339 cruci,
306 4289 393 4343 neque
409 4277 679 4346 hgnrissanctornm,
702 4276 831 4329 diinostri
854 4275 992 4340 calanen
1043 4290 1136 4329 eruam
1164 4276 1237 4330 omni
1261 4275 1393 4331 idolorum
1413 4275 1527 4332 cultura.
1573 4275 1649 4330 Nunc
1676 4284 1765 4328 autem
1792 4269 1833 4327 ci·

204 4342 276 4396 enim
288 4353 350 4398 sunt
361 4343 397 4399 dii
415 4349 510 4414 nostri,
539 4347 586 4403 sed
607 4345 798 4401 similitudines
811 4353 838 4400 et
861 4346 993 4414 imagines

204 4410 315 4478 Christi,
326 4422 352 4469 ct
361 4424 515 4471 sanctomm
533 4416 600 4485 ejus,
612 4427 638 4470 et
649 4414 683 4469 ad
697 4415 855 4470 memoriam
871 4423 899 4469 et
909 4415 993 4470 bono-

204 4496 271 4545 rem,
288 4491 316 4538 et
332 4484 454 4540 decorem
466 4487 638 4542 ecclesiarum
649 4483 828 4553 adjacentium
839 4493 867 4541 ct
878 4485 993 4540 adorau-

1044 4343 1126 4426 lundo
1141 4353 1303 4416 serpentem,
1323 4356 1352 4400 ut
1363 4346 1532 4417 praefigurem
1547 4345 1691 4416 imaginem
1706 4343 1831 4399 Salvato-

1044 4424 1242 4540 rlsl'te‘iirc'saincli
1257 4482 1398 4552 bargustini
1417 4485 1450 4540 ad
1467 4484 1627 4548 herleilium,
1642 4484 1669 4538 in
1684 4481 1847 4553 quaestione,

205 4552 282 4606 tium.
320 4553 372 4620 Qui
381 4556 452 4610 enim
474 4558 589 4612 honorat
599 4563 756 4625 martyrem,
771 4556 855 4610 Βειιιιι
867 4556 989 4617 honorat,
1008 4551 1070 4620 he,
1088 4556 1122 4610 de
1133 4555 1265 4611 Samuelis
1279 4555 1412 4625 imagine:
1430 4573 1438 4604 ι
1459 4555 1552 4610 Solent
1564 4556 1635 4608 enim
1649 4555 1675 4609 iu
1689 4551 1832 4622 scripturis

204 4622 289 4690 etqui
306 4632 420 4679 matrem
433 4623 492 4692 ejus
502 4627 631 4692 honorat,
640 4624 690 4695 ipsi
701 4624 756 4679 ileo
764 4626 893 4680 honorem
901 4624 987 4686 odert,

204 4692 301 4824 31qu
320 4694 464 4831 nprjortolum
488 4697 611 4763 honorat,
637 4695 682 4766 qui
710 4695 779 4749 misit
797 4712 856 4750 eum
880 4695 990 4750 leonardi

247 4769 283 4812 at
306 4778 344 4813 .x
359 4771 455 4824 ,etet

239 4827 305 4881 hem
317 4829 388 4885 beati
417 4831 570 4904 Augustini,
599 4834 764 4903 decoquod
781 4834 903 4904 apparuit
920 4834 991 4894 Deus

205 4894 301 4977 lloysi,
325 4909 352 4952 et
363 4901 396 4955 de
407 4901 480 4972 virga
493 4913 520 4958 et
537 4919 618 4958 mann
633 4903 751 4958 colorata
773 4913 800 4958 et
812 4919 882 4975 aqna
894 4906 920 4959 in
929 4921 991 4960 sau-

204 4980 322 5035 gumem,
337 4976 364 5022 et
377 4972 564 5040 postquaedam
580 4973 737 5041 interposita
749 4973 901 5040 subjunxit:
920 4975 991 5028 ‹Sic-

204 5044 233 5088 ιιι
258 5034 363 5106 Mogses
384 5040 507 5095 exaltarit
522 5056 663 5112 serpentem
679 5043 706 5095 in
717 5059 814 5107 eremo,
830 5044 867 5096 ita
880 5042 991 5098 canituri

204 5114 303 5174 oportet
315 5105 550 5175 Filiamhominis,
568 5120 595 5163 ut
618 5112 702 5166 orneris
714 5113 759 5183 qai
782 5113 863 5166 credit
884 5115 911 5167 in
932 5130 990 5167 eam

204 5189 257 5228 aon
267 5185 362 5244 pereat,
375 5179 420 5232 sed
428 5179 521 5233 lrabeat
534 5182 611 5233 ritant
619 5191 753 5246 aternam,
766 5182 818 5236 buc
827 5190 869 5236 est
879 5183 991 5254 quicun-

204 5257 257 5312 qne
268 5259 412 5313 percussus
423 5247 503 5302 luerit
513 5265 528 5303 a
538 5249 707 5318 serpentibus
717 5260 900 5320 peccatorum,
913 5251 991 5307 Chri-

204 5322 275 5368 stum
288 5314 434 5384 intueatur,
447 5326 475 5374 et
485 5318 595 5374 habebit
604 5319 748 5374 sanitatem
759 5321 787 5375 in
803 5322 990 5378 remissionem

203 5393 413 5453 peccatorum.»

237 5452 303 5536 ltem
311 5453 670 5530 ejusdemsanctldngustini
682 5458 989 5529 superloannemeran-

202 5524 335 5592 gchstam,
361 5525 395 5581 de
410 5528 503 5582 eodem
524 5544 647 5585 sermone
659 5530 768 5584 irornilia
789 5531 861 5586 inter
874 5531 987 5586 cetera:

204 5592 336 5649 «interim
344 5597 434 5664 modo,
450 5596 558 5664 iratres,
571 5610 600 5654 ut
612 5615 627 5653 a
641 5609 751 5669 peccato
761 5615 897 5668 sanemur,
907 5600 989 5656 Chri-

204 5672 274 5717 stum
285 5667 442 5722 eruciiutum
464 5668 625 5735 intueamur,
640 5670 703 5740 qnia
721 5672 788 5725 sicut
804 5671 905 5741 llopses
918 5671 990 5726 escl-

203 5733 273 5817 tceit¹
284 5748 428 5805 serpentem
442 5738 469 5791 in
480 5755 575 5805 eremo,
589 5740 627 5793 ito
648 5738 760 5794 exaltari
774 5750 872 5811 oportet
889 5740 989 5796 Filiam

202 5802 314 5860 homerus
329 5805 419 5869 (loen.
434 5807 486 5879 m).
517 5808 572 5866 lloc
583 5809 655 5867 enim
669 5810 782 5866 interest
794 5813 865 5866 inter
876 5811 988 5883 liguriam

1042 4625 1172 4696 imagines
1184 4641 1275 4680 earum
1288 4640 1377 4679 rernm
1396 4625 1549 4679 uonrinihus
1557 4623 1695 4694 appellari,
1717 4635 1831 4692 quarum

1041 4694 1170 4764 imagines
1180 4701 1253 4762 sunt,
1273 4694 1343 4750 sient
1355 4696 1445 4749 ornnia
1459 4710 1519 4764 quae
1529 4696 1699 4764 pinguntura
1732 4707 1766 4747 ue
1780 4690 1831 4744 hn-

1041 4773 1140 4834 guntur
1154 4765 1286 4834 exaliqua
1297 4765 1409 4819 materie
1422 4764 1533 4831 metalli,
1549 4763 1681 4835 antligni,
1693 4780 1710 4817 v
1741 4759 1831 4829 cujus·

1040 4850 1146 4905 cunque
1161 4836 1202 4890 rei
1214 4843 1283 4904 aptae
1293 4834 1326 4888 ad
1342 4849 1423 4903 opera
1438 4833 1601 4958 brg'usmodi,
1624 4848 1683 4903 quac
1696 4834 1777 4887 etiam
1790 4831 1831 4887 vi-

1041 4905 1139 4959 dentur
1149 4905 1175 4960 in
1188 4905 1297 4968 somnis,
1318 4914 1346 4959 et
1359 4919 1454 4958 omres
1478 4918 1524 4958 cre
1537 4903 1668 4972 imagines
1680 4916 1773 4956 earum
1788 4913 1831 4960 ιθ.-

1040 4989 1099 5028 ιιιιιι
1110 4990 1161 5044 equa
1166 4989 1223 5028 rum
1234 4973 1564 5043 imaginessnntappellari
1571 4973 1724 5026 nominibus
1731 4968 1827 5027 solent.

1040 5041 1105 5110 Quis
1113 5045 1184 5099 enim
1199 5051 1250 5108 est,
1271 5043 1318 5112 qni
1335 5042 1472 5096 hominem
1484 5041 1586 5124 pictum
1603 5042 1707 5097 dubitet
1731 5052 1829 5100 votam

1040 5112 1194 5169 honrineml
1208 5111 1422 5181 quandoquidem
1434 5119 1460 5164 et
1471 5111 1636 5180 smgulornm
1659 5121 1829 5188 quommque

1039 5183 1171 5251 picturam
1185 5197 1247 5236 crim
1260 5180 1415 5251 aspicimus,
1429 5181 1537 5252 propria
1550 5195 1655 5251 quoque
1666 5178 1774 5234 nomina
1787 5192 1829 5230 tn·

1041 5259 1197 5307 cunctanter
1215 5251 1381 5315 adhibemus,
1405 5250 1477 5305 velut
1489 5267 1550 5305 cum
1562 5253 1697 5306 intuentes
1710 5246 1828 5304 tabulam

1040 5332 1086 5375 aut
1098 5321 1226 5390 parietem
1238 5319 1361 5386 dicimus,
1382 5320 1426 5375 ille
1439 5321 1534 5376 Cicero
1553 5329 1604 5386 est,
1623 5319 1669 5375 iile
1682 5317 1827 5381 Salustius,

1040 5390 1223 5454 illebchllles‚
1251 5389 1416 5454 illellector,
1436 5391 1489 5446 hoc
1513 5391 1611 5445 ilumeu
1633 5387 1759 5460 Symois,
1781 5385 1827 5441 illa

1040 5460 1136 5517 Roma.
1166 5459 1232 5516 Cum
1248 5458 1397 5514 aliuduihil
1414 5460 1483 5520 sint,
1499 5476 1578 5529 qnam
1593 5461 1671 5530 pictae
1685 5459 1827 5530 imagines,

1040 5532 1110 5587 unde
1130 5530 1270 5587 cherubim
1285 5535 1346 5586 cbm
1365 5531 1418 5585 siut
1437 5530 1543 5602 coelitns
1566 5538 1722 5600 potestates,
1748 5529 1828 5586 lactae

1041 5610 1129 5657 marren
1145 5617 1178 5659 er
1193 5600 1311 5666 metallo,
1339 5600 1410 5670 quod
1428 5600 1568 5682 imperavit
1583 5601 1664 5666 bens,
1685 5614 1766 5681 snper
1780 5611 1826 5650 ar·

1040 5689 1098 5728 cam
1111 5671 1264 5728 testamenti
1280 5686 1383 5751 magnae
1400 5671 1440 5725 rei
1455 5670 1635 5740 significandae
1655 5680 1751 5742 grana,
1772 5679 1826 5721 non

1039 5742 1110 5796 aliud
1125 5756 1205 5810 qnam
1223 5740 1362 5796 cherubim
1375 5739 1420 5794 illa
1439 5755 1546 5813 quoqne
1566 5740 1692 5813 lrgmenta
1707 5738 1821 5798 vocitan-

1040 5824 1092 5867 tur.
1129 5812 1194 5868 ltcm
1212 5810 1333 5883 quisquis
1345 5810 1417 5867 videt
1438 5810 1583 5878 somnium,
1602 5826 1654 5868 aon
1673 5811 1747 5872 dicit.
1770 5800 1831 5870 vicli
