4050 6192
110 324 166 381 „29
834 314 1026 375 nntsrcnn.
1696 321 1748 379 nt·

111 431 245 492 unstred
260 429 358 501 ipsein
372 428 442 484 libro
455 428 488 484 de
502 427 718 484 Trinitateinter
733 435 829 482 entem
841 434 899 481 art:
915 429 939 489 Α
954 429 1034 492 num,
1046 428 1081 484 ad
1097 443 1147 484 nos
1164 443 1225 484 cum
1245 429 1335 486 scrisis
1351 438 1377 486 et
1396 430 1539 487 litteris...
1562 441 1608 487 tua
1633 433 1750 504 benigne

109 524 238 593 Crenper
249 521 450 590 seripturarum
464 527 619 575 namtarum
637 518 789 573 tesdmonia
800 518 905 573 cloens-
954 527 1038 589 atque
1047 518 1195 575 bonoridee
1203 521 1380 590 suscepimus.
1393 520 1428 575 Et
1439 521 1563 590 quamne
1575 522 1609 576 nd
1621 537 1672 578 nos
1685 523 1748 578 mis·

109 628 179 678 sem,
194 611 230 668 de
253 617 370 680 utroque
388 610 535 679 procedere
557 608 687 679 Spiritum
702 615 848 663 sanctum:
873 606 903 662 Si
953 623 1067 666 amnon
1079 608 1181 675 tuine,
1196 610 1279 667 ueluti
1299 611 1334 667 ad
1351 625 1402 667 nos
1418 611 1531 666 missum
1550 612 1671 668 adbibita
1690 612 1749 668 dili·

109 717 184 772 erpo,
204 702 325 772 inquam,
338 706 367 756 et
380 699 414 754 de
423 699 514 765 Patre,
528 707 555 754 et
566 698 600 753 de
609 697 678 753 Filio
688 695 810 768 prooedit
820 695 905 766 Spiri-
953 698 1029 768 penti
1040 713 1105 754 cura
1116 707 1144 753 et
1162 699 1324 764 audirimus,
1343 709 1371 755 et
1382 716 1445 754 cnm
1463 715 1497 755 eo
1514 701 1548 756 de
1559 700 1612 767 iris,
1629 716 1691 772 qum
1701 703 1751 757 de·

110 801 156 847 tus
177 797 298 854 metus,
325 804 376 844 cur
401 786 487 844 Filius
510 787 603 843 dixit:
623 786 661 841 de
682 786 764 842 Patre
786 785 904 857 procedit
954 787 1026 854 mbr,
1039 788 1751 859 qniaprudentemanimadvertlmus,oniiocutionem

109 885 201 958 (loon.
215 883 284 955 rid?
295 882 351 938 Cur
363 889 453 952 putas,
469 881 521 936 nisi
543 879 768 951 quemadmodum
781 879 851 934 solet
867 875 902 933 ad
954 878 1108 934 babuimus.
1122 878 1178 935 Nec
1194 880 1339 945 immerito,
1357 895 1418 935 cum
1436 887 1512 934 tanta
1531 888 1604 936 esset
1621 895 1675 937 non
1687 889 1750 936 tan·

107 992 172 1031 eum
184 974 288 1032 reterre
297 982 325 1031 et
334 975 407 1045 quod
419 974 504 1044 ipsius
514 981 566 1039 est,
578 971 612 1028 de
623 987 677 1043 quo
690 972 748 1042 ipse
754 972 814 1027 est?
827 972 904 1028 Unde
953 974 1012 1023 tam
1025 968 1053 1024 in
1072 968 1172 1027 litteris
1184 984 1254 1040 quas
1271 970 1371 1034 attulit,
1385 971 1432 1026 sed
1447 971 1529 1026 etiam
1538 971 1566 1026 in
1575 973 1676 1058 uerbis,
1689 988 1750 1043 quin

108 1067 175 1124 iilud
186 1066 310 1136 estquod
323 1065 381 1120 ait:
395 1063 585 1120 liecdoctrinn
596 1072 695 1118 nonest
708 1080 777 1128 raes,
788 1062 833 1117 aed
845 1062 903 1133 ejus
953 1072 988 1113 ex
1000 1073 1050 1115 ere
1063 1058 1136 1114 illius
1153 1061 1255 1116 nostris
1271 1061 1383 1116 auribus
1400 1061 1588 1129 insonuerunt,
1601 1071 1702 1134 optate
1715 1079 1751 1121 ae

106 1161 156 1230 qni
165 1159 236 1214 nisit
248 1174 300 1214 ore.
314 1156 344 1213 Si
356 1156 440 1227 igitur
451 1156 497 1213 bio
515 1155 676 1228 intelligitur
695 1153 753 1225 ejus
769 1154 902 1220 doctrina,
952 1165 1061 1222 semper
1078 1153 1204 1222 optandae
1218 1153 1296 1223 pacis
1311 1154 1399 1224 eopia,
1419 1162 1451 1208 ut
1468 1153 1547 1211 ratde
1559 1156 1638 1212 nobb
1652 1164 1681 1212 et
1690 1157 1750 1227 qni·

107 1265 191 1322 quam
205 1257 296 1304 tamen
307 1248 377 1304 dixit
391 1263 446 1304 non
458 1262 617 1313 essesuam,
633 1245 681 1302 sed
692 1245 790 1310 Patris,
802 1251 904 1315 quanto
951 1241 1113 1314 busounque
1137 1244 1222 1300 licum
1252 1246 1407 1301 amantibus
1438 1244 1624 1316 hujuscemodi
1649 1247 1751 1318 legatio

107 1340 197 1411 nrapis
207 1339 262 1395 illic
278 1337 467 1409 intelligendus
481 1346 523 1393 est
533 1346 562 1394 et
571 1338 605 1394 de
620 1338 679 1409 ipso
688 1337 835 1409 pmoedere
845 1335 905 1406 Spi·
952 1333 1061 1405 placere
1069 1336 1218 1406 potuisset3
1233 1351 1293 1406 quae
1304 1337 1397 1406 utique
1409 1343 1487 1392 tanto
1498 1335 1548 1393 init
1561 1338 1704 1395 eharitatis
1715 1353 1749 1395 ac

108 1430 177 1486 ritus
186 1437 297 1486 sanctus
306 1428 354 1486 ubi
366 1428 406 1484 sie
417 1429 477 1483 ait:
497 1427 537 1482 lie
551 1428 632 1483 Patre
652 1428 779 1493 procedit,
797 1434 828 1482 ut
848 1442 903 1482 non
951 1420 1098 1492 parisiam
1109 1438 1243 1495 respersa,
1260 1433 1291 1478 ιιι
1307 1424 1334 1479 in
1354 1425 1446 1494 palato
1458 1426 1548 1481 cordis
1563 1427 1693 1498 cupisque
1713 1425 1748 1481 u·
1773 1451 1776 1454 ¹

106 1521 220 1585 ideae,
243 1518 278 1576 de
296 1534 341 1576 me
361 1533 416 1575 non
437 1518 615 1589 proceditid
641 1533 696 1589 quo
717 1525 809 1573 antem
822 1516 903 1573 babet
952 1512 1021 1570 detis
1039 1528 1131 1570 reram
1148 1522 1260 1584 possent
1282 1528 1378 1585 sapere
1397 1514 1578 1582 duldedinem,
1602 1523 1749 1587 possetque

106 1610 194 1666 filins
204 1618 235 1665 ot
248 1610 284 1666 sit
295 1609 383 1676 Dens3
395 1609 419 1665 si
433 1607 536 1682 [Forte
552 1607 606 1681 est]
618 1608 690 1665 enim
703 1609 737 1666 de
748 1607 804 1665 Deo
820 1608 901 1674 bens,
949 1602 1067 1675 judicari
1085 1606 1194 1676 penitus
1215 1606 1354 1676 insipiens,
1377 1605 1422 1662 cui
1436 1605 1499 1661 talis
1515 1607 1641 1662 ridentur
1652 1607 1748 1678 insipi-

105 1701 141 1756 ab
154 1699 202 1758 illo
217 1699 299 1756 babet
312 1700 416 1772 utique,
432 1709 464 1756 ut
484 1700 566 1757 etiam
579 1700 615 1756 de
634 1699 681 1756 illo
700 1700 830 1771 prooedat
844 1699 903 1770 Spi-
952 1694 997 1750 da.
1011 1693 1126 1765 Propter
1136 1694 1218 1765 quod,
1232 1702 1376 1766 postquam
1395 1694 1510 1751 illumin
1525 1696 1593 1753 lines
1605 1699 1681 1767 regni
1699 1715 1748 1756 no·

106 1791 177 1845 ritus
187 1796 314 1857 sannen
328 1804 420 1860 asper
437 1789 491 1847 boc
513 1789 631 1860 Spiritus
653 1798 763 1847 sanctus
779 1790 902 1846 ntetiam
917 1782 1003 1846 astri
1023 1785 1180 1856 peruenisse
1192 1786 1389 1855 comperimus,
1411 1784 1495 1841 veluti
1517 1787 1622 1857 prescii
1639 1788 1749 1858 optinrn

106 1879 141 1934 de
155 1877 202 1935 illo
216 1880 345 1949 procedat
361 1879 434 1936 sicot
444 1879 569 1950 procedit
581 1879 615 1935 de
626 1878 718 1946 Patre,
733 1881 769 1937 ab
780 1879 839 1951 ipso
851 1880 902 1935 ba·
951 1890 984 1932 nc
996 1875 1235 1947 Deooomplacidae
1249 1875 1390 1946 legationis
1405 1875 1473 1947 ejus,
1486 1884 1638 1948 temperare
1652 1880 1748 1949 nequi-

105 1966 253 2024 betPatre.
266 1968 332 2026 item
344 1968 404 2041 ipse
421 1969 540 2040 Spiritus
565 1978 685 2027 munus.
703 1970 822 2042 Spiritus
837 1987 903 2028 uem
951 1969 1051 2034 umus,
1070 1974 1300 2039 opportunorum
1318 1969 1353 2024 ad
1370 1976 1492 2024 nostram
1511 1972 1682 2039 praesentiam
1700 1986 1748 2028 re·

105 2067 217 2116 sanctus
233 2059 352 2116 nondum
365 2061 400 2117 de
419 2060 501 2118 Patre
515 2059 637 2133 procedit
657 2060 807 2128 lnFiliurn,
819 2069 847 2118 et
869 2063 903 2119 de
951 2059 1281 2126 nirelecimes,ma1ime
1294 2068 1385 2117 tomen
1397 2062 1470 2131 quod
1483 2062 1516 2128 is,
1533 2063 1658 2133 adquem
1672 2063 1747 2119 illum

104 2150 175 2208 Filio
186 2152 307 2222 procedit
323 2153 358 2209 ad
372 2153 593 2210 sanctificandam
603 2162 768 2218 creaturam,
791 2153 840 2210 sed
863 2154 903 2211 si·
951 2150 1066 2206 missum
1078 2165 1138 2207 esse
1156 2151 1306 2216 constabat,
1323 2150 1439 2208 ‹dieetus
1454 2150 1527 2207 tilios
1541 2153 1663 2209 noster(i
1684 2153 1751 2226 Pip-

104 2242 207 2298 muido
226 2251 342 2314 utmque
364 2244 507 2314 pmeedit;
527 2245 652 2315 quamvis
667 2245 720 2300 boc
739 2243 810 2301 ditio
821 2243 902 2302 Pater
950 2240 1032 2311 pinus
1042 2258 1090 2298 rex
1104 2241 1162 2314 jam
1178 2244 1260 2299 rebus
1275 2243 1401 2299 humanis
1420 2252 1584 2311 excesserat,
1597 2260 1685 2315 neque
1697 2260 1748 2303 nos

103 2335 220 2402 dederit,
232 2342 262 2391 ut
272 2337 498 2407 quemadmodum
521 2338 556 2394 ds
578 2353 619 2403 ne,
633 2337 670 2393 its
687 2353 798 2408 qnoque
808 2337 845 2395 de
855 2338 902 2394 illo
951 2331 1026 2388 iilum
1040 2347 1101 2389 cum
1119 2331 1220 2390 iniecto
1238 2333 1347 2403 negotio
1365 2340 1451 2400 ento,
1466 2335 1500 2390 ad
1516 2335 1587 2406 quod
1603 2335 1748 2406 periclen-

103 2426 244 2495 prosedas.
257 2425 321 2483 llaec
331 2440 348 2481 s
360 2426 439 2482 nobis
457 2442 564 2483 summo
586 2425 739 2498 opitulante
761 2427 858 2497 opiliee
868 2428 901 2484 de
949 2424 1015 2480 dum
1027 2423 1146 2492 directus
1157 2431 1226 2492 erat,
1238 2440 1354 2480 uacuum
1366 2425 1465 2481 reverti
1475 2427 1531 2496 pati
1545 2428 1692 2497 potuimus.

103 2507 223 2587 Spiritus
246 2516 332 2573 sancti
357 2517 532 2587 processione
563 2517 723 2588 multiplicia
744 2525 900 2574 mnemrum
985 2515 1019 2570 Et
1041 2530 1096 2570 non
1120 2515 1207 2570 solum
1231 2523 1342 2586 propter
1362 2516 1430 2580 boe,
1450 2517 1597 2572 sedetiam
1618 2518 1691 2587 quod
1712 2533 1747 2575 ex

103 2607 306 2679 Scripturarum
327 2617 471 2680 aggregata
488 2618 555 2672 ¹sunt
567 2609 732 2676 testimonia,
744 2616 775 2664 ut
795 2610 900 2665 diuino-
949 2616 1087 2682 thipore,
1106 2624 1162 2678 quo
1180 2609 1270 2679 primo
1286 2605 1393 2679 imperii
1412 2609 1451 2664 tui
1467 2625 1539 2665 anno
1559 2621 1571 2650 ι
1590 2609 1747 2667 liiebaelem

102 2713 165 2754 rum
179 2698 311 2756 librorrtnt
322 2698 466 2765 sententiis
483 2698 581 2765 rietus,
596 2697 799 2770 multorumque
809 2699 901 2755 ortbo-
949 2700 1188 2770 metropolitanum
1209 2708 1237 2757 et
1255 2701 1401 2772 populum,
1421 2702 1559 2758 assiduum
1583 2701 1693 2776 [Pone.
1719 2711 1748 2761 ct

102 2788 237 2845 donorum
257 2789 331 2846 nube
356 2790 466 2846 testium
478 2788 721 2859 pressus-veritati
733 2805 788 2846 non
811 2788 900 2844 ualeat
948 2793 1060 2850 Petrum
1071 2792 1229 2867 Assiduum]
1251 2796 1387 2861 abbatem,
1401 2794 1586 2865 calistumque
1600 2795 1747 2865 gloriosum

103 2879 384 2947 resistereinimieus;
407 2880 456 2936 sed
476 2879 566 2950 potins
590 2879 733 2936 sententiis
758 2879 899 2936 eatbolic‘s
948 2885 1122 2940 canendnum
1143 2886 1178 2941 ad
1200 2886 1417 2942 constituendam
1436 2886 1576 2943 nobiscum
1599 2901 1693 2957 paeoni
1719 2896 1747 2942 et

103 2972 284 3042 veridicisque
296 2988 394 3030 suasru
410 2973 584 3040 testimoniis,
605 2979 758 3029 reuertatur
769 2973 804 3031 ad
816 2972 898 3030 tutis-
948 2976 1106 3034 foederanda
1122 2986 1205 3049 atque
1217 2978 1359 3035 adunanda
1379 2979 1437 3034 bme
1450 2980 1504 3035 duo
1516 2979 1544 3034 in
1564 2977 1665 3035 Christi
1679 2978 1746 3035 cba-

102 3080 202 3121 sunmn
218 3065 341 3123 eeclesiae
356 3065 457 3133 sinum,
467 3075 499 3123 ιιι
509 3067 756 3137 paritercatbolioo
766 3068 898 3126 moestus
948 3068 1041 3136 ritate,
1055 3068 1175 3141 longara
1190 3077 1236 3125 tna
1255 3070 1330 3124 misit
1346 3070 1472 3137 dileetio,
1497 3070 1579 3127 velun
1595 3071 1624 3125 in
1638 3071 1748 3141 specula

103 3157 131 3211 in
148 3159 262 3226 gremio,
274 3159 437 3230 quandoque
464 3167 597 3216 atomum
609 3176 673 3218 cum
685 3160 748 3216 dliis
760 3169 898 3218 mereatur
909 3145 933 3210 C
947 3162 1029 3232 positi
1049 3161 1128 3233 longa
1146 3160 1247 3218 inimus
1264 3163 1466 3232 exspectatione
1484 3164 1617 3234 suspensi,
1634 3171 1748 3234 presto-

102 3248 227 3319 accipere
238 3263 362 3320 equum.
949 3252 1036 3309 lantes
1055 3261 1112 3312 stre
1132 3270 1181 3326 per
1196 3254 1325 3326 legatum.
1339 3257 1397 3314 sire
1409 3273 1459 3330 per
1471 3258 1623 3330 epistolam,
1639 3261 1747 3329 quando

356 3374 369 3403 ι
396 3358 562 3417 pppsqopp
583 3359 643 3416 xx,
949 3344 1108 3401 meritomm
1119 3348 1229 3417 scriptis
1242 3349 1343 3404 nostris
1356 3349 1483 3405 entabilia
1500 3349 1681 3407 fraternitatis
1693 3360 1747 3408 tum

218 3450 234 3491 ι
253 3466 286 3505 q„
305 3465 474 3507 mmm
493 3465 549 3505 m,
569 3465 780 3507 (mmmm,
949 3449 1079 3505 responsa
1096 3437 1271 3507 susciperem.
1288 3436 1411 3508 lamque,
1433 3448 1464 3495 ut
1480 3455 1510 3496 se
1527 3441 1608 3496 babet
1621 3442 1746 3498 bumame

102 3537 238 3595 ιιιιιιιιιιιιι
249 3556 326 3593 mam
335 3539 467 3611 siqnidem
480 3539 513 3594 de
526 3541 623 3595 iterum
637 3538 825 3611 leporionc‘pro
837 3558 899 3597 m.
947 3525 1049 3580 mentis
1067 3525 1222 3593 infirmitas,
1236 3543 1320 3599 prope
1335 3528 1488 3600 desperatio
1505 3531 1580 3587 cordi
1593 3538 1687 3587 nostro
1705 3532 1746 3586 in·

201 3609 335 3665 utimur
345 3610 488 3681 pateinter
498 3619 638 3681 utromque
652 3610 802 3681 imperinm.
948 3614 1066 3687 cipiebat
1080 3617 1191 3673 oboriri.
1213 3617 1267 3674 Sed
1279 3619 1393 3676 lidentes
1404 3622 1580 3693 sperabamus
1597 3624 1625 3678 in
1638 3640 1681 3690 eo,
1698 3625 1745 3695 qui

404 3701 495 3775 (Anno
512 3701 589 3775 stu.)
948 3719 1087 3775 nunquam
1106 3705 1206 3763 deserit
1228 3717 1370 3777 sperantes
1387 3709 1415 3765 in
1434 3725 1480 3776 se,
1503 3712 1575 3782 quod
1593 3714 1743 3770 secundum

278 3790 448 3856 (lirinense.
460 3791 733 3862 oppressionum.)
948 3795 1108 3865 Apostolum
1132 3796 1209 3854 labor
1224 3806 1318 3855 noster
1349 3800 1454 3872 inipso
1475 3817 1577 3859 vacuus
1599 3812 1626 3860 et
1654 3805 1746 3862 inanit

139 3896 207 3952 cnm
224 3896 253 3951 tr
271 3895 346 3952 omni
364 3895 622 3951 homerocentones
643 3894 721 3950 initio
737 3895 844 3951 bomini
862 3895 898 3952 sir
948 3903 1009 3944 esse
1026 3904 1081 3944 non
1099 3889 1220 3957 dener,
1233 3905 1265 3947 ae
1284 3892 1445 3950 desiderium
1467 3903 1600 3963 nostmur,
1615 3898 1699 3967 qnod,
1713 3904 1746 3954 ut

103 3986 235 4042 auxilium
251 3985 441 4051 invocandum,
466 3985 585 4041 marinis
609 3985 636 4039 in
656 3986 718 4051 boc,
735 3986 898 4055 quodmodo
948 3978 1119 4046 conddimus,
1145 3981 1230 4051 ipsius
1247 3981 1423 4054 inspiratione
1442 3987 1619 4058 corrupimus,
1646 4003 1744 4045 secun·

104 4078 249 4141 internos,
268 4076 324 4131 lleo
336 4074 481 4141 mediante,
501 4076 600 4144 agitur,
618 4077 737 4146 negotio,
749 4077 855 4133 bomini
871 4086 899 4133 et
949 4069 1014 4126 dum
1027 4070 1136 4127 diuitias
1148 4072 1341 4133 misericordie
1353 4092 1410 4133 sure
1424 4078 1569 4148 complere,
1583 4087 1610 4135 et
1626 4081 1746 4150 quando·

105 4168 253 4225 Salnatoris
264 4168 350 4224 nostri
363 4166 427 4223 lesu
439 4165 540 4224 Christi
552 4169 626 4224 onrni
640 4169 719 4225 modo
731 4177 795 4225 sunt
806 4170 899 4241 impio
949 4175 1056 4231 cunique
1074 4163 1108 4218 ad
1120 4160 1245 4219 effectum
1257 4167 1407 4234 perducere
1420 4168 1539 4225 deberet.

104 4264 190 4319 rancia
207 4263 347 4334 sutfragia,
367 4270 398 4317 nt
408 4262 454 4332 qui
467 4263 576 4318 nomine
593 4261 667 4319 illios
682 4263 779 4334 signati
793 4278 896 4329 snmus,
985 4255 1089 4312 ideireo
1102 4255 1194 4310 audito
1205 4257 1321 4314 aduentu
1338 4262 1480 4317 memorati
1493 4261 1574 4332 legati
1592 4263 1744 4321 dilectionis

103 4364 133 4410 et
149 4354 178 4411 in
197 4354 396 4424 dispensatione
413 4352 546 4423 passionis
562 4352 621 4424 elus
634 4353 669 4408 ab
680 4361 783 4410 aeterno
803 4354 899 4411 mortis
950 4357 1014 4414 tuae,
1034 4347 1136 4403 drantii
1158 4348 1268 4419 gloriosi
1284 4353 1406 4423 spatarii,
1419 4369 1583 4426 magnopere
1600 4358 1684 4429 parisi
1697 4373 1745 4413 su-

104 4446 283 4520 perienlonos
293 4447 447 4515 redemptos
460 4444 700 4516 esseeontidimes,
712 4460 745 4501 ea
766 4462 826 4516 que
839 4446 897 4517 ipso
949 4459 1021 4511 mus,
1040 4444 1217 4512 mandentes,
1230 4462 1282 4503 nos
1299 4448 1333 4504 de
1349 4450 1431 4507 rebus
1447 4450 1559 4507 incertis
1572 4452 1606 4508 ad
1621 4460 1743 4522 optatam

104 4536 253 4606 inspirante
265 4534 434 4599 inchoamus,
449 4535 484 4591 ad
501 4535 644 4591 donatum
663 4542 691 4591 et
703 4535 797 4591 ntiiem
810 4536 899 4607 perie-
950 4540 1141 4598 certitudinem
1158 4548 1346 4610 pervcnnrros,
1366 4549 1395 4598 et
1413 4542 1446 4598 de
1465 4541 1510 4598 bis
1525 4555 1587 4612 qnae
1608 4544 1745 4613 predictis

103 4627 203 4684 ctiords
217 4625 362 4682 terminum
381 4626 530 4695 perducere
541 4641 704 4682 mereamur.
720 4626 750 4682 ln
762 4625 839 4696 cujus
851 4643 899 4686 no·
949 4632 1041 4689 missis
1059 4632 1112 4688 tuis
1123 4634 1157 4688 ad
1169 4641 1196 4689 te
1215 4633 1359 4690 deferenda
1377 4634 1500 4691 dedimus
1516 4649 1746 4706 responsnmesso

104 4718 180 4773 mine
193 4726 276 4787 atque
294 4717 397 4772 bonore
412 4714 533 4785 legatum
551 4715 729 4773 iratemitatis
740 4721 804 4785 ture,
817 4735 897 4790 quem
924 4723 926 4729 ’
948 4731 1116 4795 recepturos.
1133 4719 1437 4784 brenemensem
1447 4733 1499 4783 est.
1518 4728 1657 4785 Sensimus
1671 4716 1744 4790 enini

103 4810 139 4864 ad
158 4808 236 4863 borne
252 4807 448 4863 reeordationis
463 4806 548 4863 illium
566 4816 689 4864 nostrum
703 4808 846 4880 Pippinum
858 4826 900 4869 re·
948 4823 1070 4885 exparte
1082 4830 1153 4881 mea,
1165 4799 1238 4886 quod
1250 4817 1470 4874 desiderabamus
1488 4820 1522 4875 ad
1533 4820 1741 4890 completionem
1773 4839 1776 4846 ’

102 4912 166 4967 genn
189 4897 340 4966 misistis,⁶
364 4897 502 4955 Arsatinm
525 4900 629 4958 seilicet
649 4901 795 4972 gloriosum
808 4914 899 4974 spata·
948 4913 1075 4962 rotomm
1089 4902 1255 4977 nostrorum,
1269 4909 1351 4965 dirird
1365 4908 1588 4965 laroremnurtttt
1601 4920 1628 4966 et
1641 4911 1669 4965 in
1685 4927 1744 4967 rer·

142 5031 307 5102 ¹Epr'rtolo.
329 5033 395 5090 nee
408 5034 522 5105 epistola
541 5036 613 5093 inter
637 5036 810 5094 dicuinianas
827 5041 899 5110 apud
984 5038 1144 5167 filippisius
1170 5058 1217 5096 rra
1248 5042 1299 5096 'nn
1328 5044 1405 5099 relos
1433 5043 1556 5100 bunonis
1586 5053 1740 5102 ercamrai.

102 5102 306 5172 interretanum
327 5104 690 5190 timenutensium
707 5123 789 5191 nona,
803 5111 896 5176 missa,
948 5110 1028 5168 duno
1075 5110 1154 5166 drrn
1169 5111 1231 5168 idus
1258 5112 1512 5180 utnnramnltstn
1523 5117 1744 5173 concorditerte-

104 5176 677 5329 ᾗᾞιιιιιιιᾞιιιξεήιιῖἓὲἓιεέιιι,ᾞιιῖἓῒ
686 5179 913 5308 ιιιιῧιιιῑιιιιιιΐῗιιιῐιι
948 5189 1178 5333 samuelem.
1197 5251 1285 5308 Aliter
1298 5254 1408 5310 nomina
1428 5254 1577 5327 legatorum
1600 5266 1743 5313 recensent

104 5322 190 5384 igitur
207 5314 331 5386 eprstobs
346 5313 453 5372 Aiourm
470 5319 515 5372 dru
533 5326 598 5374 ante
615 5316 735 5375 deluneti
747 5320 861 5376 inserta.
948 5319 1069 5378 Annales
1080 5319 1188 5389 Tritani,
1199 5322 1355 5389 Loiselinni,
1370 5325 1551 5383 liettenseset
1570 5326 1626 5382 alii.
1643 5346 1652 5379 r
1668 5326 1742 5385 ilissl

104 5452 113 5466 ι
142 5385 211 5439 ldd
228 5384 417 5457 Nicephorum.
429 5386 617 5457 benedictam,
648 5388 676 5443 ui
690 5390 837 5456 annolidd,
850 5393 899 5449 de-
949 5398 1022 5454 sunt,
1044 5389 1178 5459 inquiunt,
1197 5392 1310 5450 liicbael
1327 5396 1478 5467 episcopus.
1499 5397 1596 5453 Petms
1612 5398 1695 5454 abbas
1714 5407 1742 5454 et

102 5462 176 5525 pecta
188 5455 266 5511 irene
275 5456 614 5539 imperatrice,⁸inrperiurn
663 5461 901 5533 nstantinopolita·
949 5461 1069 5519 calistus
1082 5461 1280 5543 candidatus.»
1291 5464 1436 5523 licitenses
1447 5480 1511 5523 nero
1521 5482 1662 5539 perperam
1675 5468 1743 5526 duos

105 5540 171 5580 nom
190 5534 343 5596 occupant.
365 5526 420 5598 (lia
440 5527 656 5600 Cironoqrapirir
681 5526 857 5603 Tbecpirrrris,
874 5542 900 5588 et
948 5530 1195 5590 tactmtcrbnun
1213 5540 1241 5590 et
1253 5534 1442 5592 candidatum.
1454 5536 1572 5594 delitus
1592 5538 1663 5594 eninr
1676 5553 1743 5595 can-

103 5594 177 5661 otiir,
191 5600 262 5667 rpnd
276 5596 400 5668 Pupinia,
409 5599 445 5652 ad
455 5599 483 5652 ι.
494 5614 533 5662 n,
548 5615 621 5653 nnrn.
641 5599 681 5672 ι.)
950 5603 1060 5660 didatus
1077 5601 1229 5672 appellatur
1242 5606 1278 5662 ob
1294 5606 1462 5676 dignitatem,
1483 5624 1563 5680 quam
1575 5609 1695 5681 gerebat,
1708 5611 1743 5667 de

143 5676 155 5704 s
175 5667 320 5721 Arretium.
335 5668 492 5732 Arsaniam,
512 5669 674 5738 drsapbium
696 5681 794 5730 uocant
814 5687 899 5730 anna·
950 5687 1004 5743 qua
1018 5671 1095 5741 plura
1112 5672 1213 5739 rideas,
1227 5677 1250 5732 si
1270 5676 1354 5746 iubet,
1368 5679 1439 5750 apud
1458 5678 1606 5750 (lanitium,
1625 5679 1653 5735 in
1670 5679 1743 5738 notia

104 5732 175 5791 iistn
189 5737 261 5792 iliius
273 5739 412 5807 temporis,
425 5739 459 5795 ad
470 5754 569 5796 anirum
587 5741 651 5796 8ll.
952 5743 986 5799 ad
996 5742 1067 5798 bane
1078 5743 1228 5815 epistolam
