4050 6192
321 298 390 354 {llil
771 293 802 349 B.
823 291 949 351 caudit
968 287 1078 347 ttaotu
1094 288 1170 347 OPP.
1188 288 1279 345 PARS
1295 290 1327 346 ii.
1346 288 1468 352 SESTIO
1486 292 1519 348 lt.
1563 316 1566 322 ·
1880 310 1932 366 {pp

319 422 424 467 sauctus
443 408 578 464 conuituit
595 406 729 478 episcopor
752 404 821 478 (Act.
840 402 897 475 uu).
915 402 982 458 Nam
1002 409 1030 457 et
1051 401 1097 456 uni
1129 404 1325 462 Amoueamus
1346 402 1448 471 etipse
1470 402 1498 457 in
1519 404 1619 460 uobis:
1642 408 1717 464 uude
1736 418 1765 466 et
1783 412 1810 468 in
1823 415 1933 479 dodau&

319 519 398 559 uersa
412 517 473 557 cum
485 499 566 555 Patre
582 509 610 554 et
623 497 702 562 Filio,
721 505 750 553 ut
765 505 904 553 ostensum
920 500 972 560 est,
985 505 1098 564 procrea
1165 489 1332 560 nibilmajus
1342 492 1535 559 estebaritate,
1549 503 1577 550 ct
1591 496 1697 553 nullum
1711 502 1933 572 cummanum

321 594 369 660 rit,
389 592 500 648 etbeus
517 605 578 645 esse
593 589 673 644 unius
688 603 749 644 cum
765 587 860 642 iisdem
876 583 1001 641 essentiae
1015 583 1059 639 iris
1076 589 1102 636 te
1166 582 1214 638 bei
1230 597 1313 651 quam
1331 580 1450 653 Spiritus
1463 593 1594 641 sauctus:
1613 587 1671 658 ipse
1688 598 1733 645 est
1748 600 1777 646 et
1791 595 1933 669 praticqm
1971 609 1972 618 ¹

321 684 456 740 stimoniis
470 683 645 754 approbatur.
661 679 745 735 David
758 679 829 733 enim
846 677 885 731 ait
899 690 907 729 ι
922 674 1037 729 Audiam
1050 673 1116 744 quid
1165 672 1229 740 quia
1243 686 1297 727 uon
1311 672 1416 728 meritis
1430 675 1542 739 uostris,
1555 676 1603 731 sed
1616 678 1712 733 divina
1731 681 1862 739 voluntate
1871 691 1934 756 pratu

321 773 444 845 loquatur
466 772 494 825 iu
518 787 559 823 mc
570 768 698 824 Dom‘nur
719 766 800 820 Deus.
821 765 894 820 buce
910 764 1000 832 itaque
1016 760 1115 817 elarius
1166 764 1255 826 datur,
1273 763 1336 819 inde
1352 765 1439 836 gratia
1452 777 1636 838 nuncupator.
1654 769 1737 825 Sicut
1751 781 1838 829 autem
1850 778 1934 835 enimn

321 859 511 930 eoustatrprod
525 872 620 913 omnes
633 855 771 927 prophetae
788 870 842 909 nou
856 853 909 908 uisi
923 847 1115 922 perspiritum
1167 853 1215 909 bei
1238 854 1357 910 tarnum
1382 856 1492 927 proprie
1514 873 1644 916 vocamus
1668 862 1782 919 neruine
1808 863 1933 936 Supinum,
1971 851 1972 908 3

322 963 445 1010 sarnetum
470 951 631 1007 annuntient
656 946 877 1018 colloquantur,
907 943 1023 1000 Domino
1047 949 1117 997 otte·
1167 962 1229 1003 curo
1247 947 1283 1002 sit
1301 947 1492 1004 universaliter
1511 958 1540 1006 et
1557 948 1678 1020 Spiritus
1703 961 1815 1011 sanetus
1833 965 1859 1011 et
1874 957 1934 1016 Pater

321 1056 422 1113 stante,
434 1045 542 1118 quiait:
554 1043 620 1099 Cum
633 1042 729 1097 uenerit
741 1039 858 1111 Spiritus
869 1038 913 1093 ille
922 1046 1029 1093 sauctus
1040 1052 1116 1108 poem
1168 1037 1225 1107 ipse
1238 1036 1392 1106 Sapientia,
1412 1038 1451 1091 itu
1470 1037 1589 1109 Spiritus
1608 1049 1723 1100 moetus
1737 1045 1840 1114 proprie
1855 1063 1933 1103 nuta·

322 1134 651 1192 Potermittetiurromioe
663 1127 1134 1202 meo,ipreoordocebitetuenturo.
1167 1135 1247 1199 patur
1261 1127 1393 1184 uocabulo
1412 1129 1564 1196 charitatis,
1579 1146 1641 1187 urm
1659 1133 1698 1189 sit
1712 1134 1933 1198 etPateretlil'm
1971 1185 1972 1206 ,

297 1228 489 1284 ·ormuutialit
514 1226 585 1283 cobis
606 1225 698 1298 (loon.
718 1221 776 1295 nr).
796 1221 863 1277 item
884 1235 934 1290 per
957 1218 1117 1290 prophetam
1168 1218 1358 1275 universaliter
1368 1221 1498 1277 ebaritas.
1513 1222 1562 1279 Est
1575 1224 1648 1279 eninr
1663 1224 1784 1296 Spiritus
1793 1228 1874 1286 Patris
1884 1240 1933 1288 atie
1971 1219 1972 1222 ¹

323 1320 453 1375 Dourinus
462 1318 542 1373 dicit:
557 1315 707 1370 Noluerunt
720 1313 814 1368 audire
826 1327 957 1367 aernroms
972 1325 1043 1365 meur
1053 1325 1118 1380 quos
1168 1319 1270 1378 smnte,
1284 1312 1409 1378 bomine,
1424 1313 1471 1383 qul
1490 1315 1529 1371 ait
1541 1330 1550 1369 ε
1562 1315 1709 1373 Numenius
1726 1336 1770 1375 oos
1787 1323 1845 1377 estis
1857 1325 1895 1394 rui
1906 1324 1933 1380 le

322 1411 446 1467 mondaui
460 1412 489 1466 iu
502 1408 605 1481 Spiritu
618 1424 675 1462 meo
688 1423 734 1478 per
744 1422 774 1460 or
785 1404 971 1476 prophetorum
988 1402 1118 1473 prioratus,
1168 1403 1294 1473 pointiui,
1322 1402 1369 1458 red
1387 1401 1505 1475 Spiritus
1521 1404 1613 1463 Petris
1631 1409 1713 1464 matri
1732 1411 1779 1482 put
1798 1410 1932 1484 imritmir

323 1503 388 1557 dicit
399 1501 539 1555 Dominus.
554 1498 654 1554 Paulus
664 1512 772 1568 quoque
786 1493 924 1564 apostolus
941 1493 975 1549 ad
991 1491 1119 1549 Hebreos
1169 1491 1239 1546 uobis
1252 1488 1351 1563 (More.
1365 1491 1437 1563 nur).
1454 1492 1503 1548 Est
1519 1502 1548 1550 et
1566 1493 1688 1566 Spiritus
1705 1498 1779 1566 Filii,
1792 1501 1868 1558 Paulo
1885 1512 1933 1560 atto

323 1593 447 1650 scribens
458 1592 496 1647 ait
510 1609 517 1645 :
532 1589 697 1659 Tertipcotur
714 1587 787 1641 uobis
802 1584 904 1656 Spiritu
918 1594 1020 1648 sancto,
1034 1591 1059 1638 et
1071 1582 1120 1637 boc
1170 1588 1270 1648 stante,
1283 1580 1329 1651 qui
1344 1581 1398 1638 ait:
1414 1581 1541 1656 Quisquis
1553 1595 1641 1642 ouum
1655 1586 1787 1660 Spiritum
1800 1590 1885 1647 Giristi
1896 1612 1932 1649 ιιι

324 1694 362 1739 cat
380 1691 563 1738 testamcutum
579 1679 649 1752 quod
664 1678 775 1750 dispono
798 1676 833 1730 od
849 1692 893 1732 eor
910 1684 968 1748 port
978 1673 1035 1728 dier
1048 1671 1119 1739 iiior,
1170 1672 1259 1737 nodet,
1273 1671 1315 1726 iric
1334 1688 1388 1727 nou
1400 1680 1439 1728 cst
1453 1673 1512 1745 ejus
1532 1673 1622 1748 (Rom.
1638 1675 1716 1750 tarr),
1731 1693 1764 1734 ae
1775 1693 1823 1749 per
1834 1680 1878 1736 boc
1890 1680 1932 1752 sp

324 1774 388 1827 dicit
403 1772 531 1826 Dominus
549 1768 644 1842 (liebr.
656 1767 695 1840 x).
717 1768 746 1822 ln
761 1765 875 1823 Actibus
889 1778 998 1835 quoque
1012 1769 1121 1833 aposto·
1135 1739 1160 1801 B
1172 1761 1241 1816 ritus
1255 1761 1397 1818 amborum
1415 1762 1526 1830 dicitur,
1538 1765 1607 1835 apula
1624 1781 1660 1822 ex
1676 1766 1759 1826 Patre
1776 1780 1803 1827 et
1817 1770 1876 1827 titio
1887 1787 1930 1841 prr-
1971 1763 1972 1818 i

325 1865 413 1920 lorum
426 1862 460 1917 ad
472 1862 606 1917 Ananiam
627 1861 727 1916 dixisse
749 1866 887 1929 pastorem
907 1857 1037 1913 Ecclesiae
1053 1855 1120 1930 lepi-
1171 1851 1271 1909 oedens
1288 1853 1369 1909 unius
1387 1852 1519 1924 probatur
1540 1870 1602 1913 esse
1624 1858 1786 1916 substantie
1803 1870 1828 1918 et
1842 1867 1929 1918 mlum:

325 1952 455 2011 antistiit
471 1953 534 2025 quid
550 1951 665 2008 Sotouor
686 1949 800 2021 impleuit
820 1966 866 2004 sor
883 1959 957 2004 tuum
976 1948 1080 2003 ammiti
1097 1958 1122 2003 te
1172 1943 1219 2014 qui
1250 1943 1273 1998 si
1300 1944 1436 2013 ingenitos
1452 1945 1600 2015 diceretur,
1624 1950 1681 2006 titio
1703 1960 1794 2021 potres
1809 1953 1929 2024 proitrrm

327 2043 438 2115 Spiritui
455 2051 545 2098 sancto
563 2042 633 2110 (Act.
653 2041 709 2114 tri?
727 2040 762 2096 Et
788 2041 934 2097 osteudens
953 2056 1017 2097 eum
1035 2040 1122 2095 Deum
1173 2041 1232 2102 ῑιιιι
1255 2035 1279 2090 εἰ
1298 2036 1416 2104 genitus,
1432 2035 1485 2093 duo
1502 2025 1551 2094 titii
1565 2039 1784 2112 incompetenter
1803 2045 1928 2101 timim.

325 2149 396 2200 osse,
412 2134 441 2189 iu
455 2133 682 2205 subsequentibus
694 2133 760 2189 dicit
772 2151 779 2187 :
792 2133 855 2187 Nou
867 2150 894 2187 er
905 2132 1028 2186 mentitus
1038 2129 1124 2185 irouri-
1174 2123 1227 2179 Sed
1236 2125 1300 2193 quii
1313 2140 1364 2181 noc
1373 2123 1455 2182 Pater
1468 2136 1510 2183 est
1522 2129 1676 2197 nocFilius,
1688 2132 1750 2189 ideo
1760 2148 1809 2190 uec
1820 2133 1928 2207 ingerite,
1971 2121 1972 2128 ἵ

327 2223 471 2290 uinuaed
483 2224 548 2279 Deo.
566 2223 666 2279 Paulus
679 2239 787 2295 quoque
803 2238 852 2278 vas
867 2221 1008 2278 electionis
1023 2221 1056 2277 ad
1071 2218 1123 2277 Go-
1173 2232 1225 2274 uec
1246 2218 1372 2292 renites,
1408 2220 1456 2275 sed
1483 2234 1518 2275 en
1541 2230 1658 2293 utroque
1687 2227 1831 2295 procedens
1852 2228 1927 2282 dicitnr.

328 2316 444 2371 riothios
462 2316 574 2372 scribit:
587 2314 734 2370 Dioirimur
756 2324 841 2369 autom
861 2312 1035 2384 donationum
1051 2319 1123 2375 runt,
1174 2304 1256 2361 Pater
1264 2305 1337 2362 enim
1348 2307 1486 2365 solusuou
1497 2310 1656 2379 sstdeaiio,
1669 2313 1928 2388 idoosolusappriim

328 2407 398 2463 idem
415 2424 473 2462 uero
487 2406 603 2479 Spiritus
615 2421 625 2460 :
636 2415 661 2461 et
674 2405 814 2460 divisiones
831 2403 1036 2458 ministeriorum
1051 2409 1123 2467 suut,
1175 2396 1321 2468 ingenitus,
1335 2414 1389 2455 uon
1402 2399 1512 2468 quidem
1530 2401 1558 2458 iu
1571 2402 1734 2474 Scripturis,
1748 2408 1794 2464 scd
1805 2408 1831 2462 in
1845 2421 1927 2463 mune

328 2497 464 2568 idemiprc
481 2495 610 2550 Dominus
627 2510 637 2549 .·
653 2493 829 2549 etdioisionea
850 2492 1032 2564 operationum
1053 2497 1124 2554 runt,
1175 2491 1269 2546 tudine
1282 2491 1476 2561 disputantium
1486 2502 1514 2550 ct
1523 2494 1597 2552 dere
1611 2498 1925 2570 mutamrmonenrraia·

329 2590 399 2644 idem
424 2605 482 2644 uero
502 2587 584 2654 Suu,
604 2588 650 2658 qui
669 2595 793 2658 operatur
813 2585 901 2640 omnio
920 2584 949 2638 iu
961 2583 1082 2640 amatim
1097 2580 1125 2652 (i
1176 2583 1310 2638 valuerint
1329 2584 1363 2640 ad
1380 2586 1554 2655 presentium
1573 2588 1633 2644 sire
1649 2587 1802 2647 iuturomm
1816 2587 1926 2660 protertur

332 2679 394 2735 Cor.
411 2678 473 2753 nu).
488 2678 593 2750 Quibus
603 2676 761 2752 apostolicis
775 2675 866 2731 verbis
878 2674 996 2745 Spiritus
1017 2678 1127 2728 sanctus
1176 2670 1371 2745 proferentium
1387 2674 1492 2731 :Filius
1509 2676 1582 2732 solus
1596 2676 1631 2733 de
1642 2677 1728 2756 Patre
1740 2687 1781 2735 est
1799 2686 1873 2743 naus,
1887 2675 1927 2731 idm

309 2772 403 2828 idem
423 2771 504 2836 Deus,
527 2770 597 2825 idem
620 2767 750 2824 Dominus
770 2766 935 2823 declaratur.
964 2764 1040 2819 idem
1060 2776 1126 2818 vero
1178 2761 1253 2818 solus
1273 2762 1373 2818 dicitur
1390 2764 1512 2834 genitum
1529 2762 1646 2836 Spiritus
1663 2763 1925 2843 sanctnssolutdela

331 2862 463 2917 Dominus
478 2860 506 2916 in
519 2858 665 2931 Evangelio
675 2859 756 2915 dicit:
772 2856 889 2930 Spiritus
900 2864 938 2912 ert
950 2855 1023 2910 mur
1035 2853 1126 2927 (loon.
1180 2859 1221 2908 tre
1230 2861 1258 2908 et
1266 2851 1336 2909 Filio
1346 2852 1477 2923 procedit,
1490 2854 1550 2910 ideo
1562 2855 1637 2912 solus
1650 2859 1793 2914 ambomm
1801 2862 1927 2926 uuumpottt

333 2949 383 3022 rr).
407 2953 474 3007 ltem
493 2951 527 3007 ad
539 2950 694 3007 Corinthios
704 2948 803 3006 Paulus
825 2950 948 3006 scribens
962 2948 1001 3002 ait
1017 2945 1129 3002 :Domi-
1181 2941 1308 3014 Spiritus.
1330 2943 1457 2999 Procedit
1479 2946 1553 3001 euim
1572 2960 1605 3001 er
1618 2956 1749 3019 utroque,
1763 2944 1925 3006 nonum&

334 3058 384 3096 rma
401 3050 489 3096 outcm
501 3039 617 3112 Spiritus
629 3049 666 3095 est
686 3040 730 3110 (ll
742 3037 804 3095 Cor.
819 3039 879 3111 tn);
893 3047 921 3096 et
934 3039 968 3095 ad
981 3037 1128 3107 Ephesios:
1181 3043 1211 3091 ut
1225 3033 1340 3106 aiicujus
1359 3036 1431 3092 iilius
1449 3036 1504 3094 dici
1520 3040 1778 3108 possit.1)iceretur
1792 3046 1868 3094 auten
1880 3034 1926 3090 dm

336 3130 442 3197 Nolite,
472 3132 574 3201 inquit,
599 3132 750 3187 contristari
774 3130 903 3203 Spiritum
936 3140 1058 3186 remotum
1081 3128 1130 3184 Dei
1182 3126 1271 3184 Patris
1282 3127 1391 3194 etFiiii,
1404 3128 1438 3195 si,
1451 3129 1523 3200 quod
1534 3130 1667 3186 abhorret
1677 3132 1713 3188 ab
1724 3131 1833 3187 omnium
1842 3126 1925 3184 otuu·
1971 3177 1972 3182 ,

336 3221 445 3294 (Εριιεε.
458 3222 513 3294 rr);
530 3222 594 3279 item
613 3222 648 3278 ad
656 3221 831 3278 Corinthios:
845 3223 886 3275 du
902 3220 1016 3284 nescitis,
1032 3220 1129 3291 inquit,
1182 3219 1316 3284 sensibus,
1330 3233 1392 3275 eum
1407 3221 1487 3276 ambo
1500 3221 1661 3293 genuissent
1673 3240 1681 3277 :
1695 3239 1749 3280 uon
1760 3220 1927 3293 ipurmrm

336 3312 402 3384 puio
421 3312 537 3367 romairo
563 3322 647 3368 oestro
669 3312 794 3383 tempium
815 3321 877 3368 runt
901 3310 1019 3383 Spiritus
1047 3315 1131 3369 murti
1183 3329 1236 3384 que
1250 3320 1293 3370 est
1306 3314 1422 3384 genitus,
1442 3315 1489 3372 sod
1507 3316 1630 3386 procedit
1648 3318 1688 3373 ab
1702 3325 1810 3388 utruque
1825 3316 1925 3370 mlum

336 3403 523 3475 prumirodetir
537 3421 553 3457 u
566 3402 622 3458 Deo
635 3401 662 3475 (i
675 3401 737 3458 Cor.
752 3402 809 3473 rr)i
823 3409 926 3458 eleum
940 3401 1066 3457 Deumin
1081 3403 1133 3458 bu·
1184 3401 1311 3473 Spiritus.
1332 3403 1355 3457 A
1377 3401 1458 3460 Putre
1476 3404 1553 3460 illum
1571 3411 1665 3461 autem
1684 3407 1821 3476 procedere
1835 3399 1926 3458 matu

337 3492 425 3548 uraniis
437 3492 596 3561 corporibus
610 3491 777 3547 habitantem
797 3493 943 3548 osteudens
961 3490 1093 3563 adjungit,
1105 3501 1134 3548 et
1184 3504 1277 3550 noster
1288 3491 1367 3550 Jesrrs
1377 3495 1504 3552 Christus
1517 3496 1668 3568 discipulos
1681 3499 1771 3555 docuit
1780 3498 1871 3554 dimus:
1881 3489 1924 3547 ⁶¹¹

338 3583 421 3638 dicit.
435 3581 588 3653 Gloripieote
603 3581 910 3654 erpootportotclieum
929 3583 957 3637 iu
971 3599 1134 3653 corporeae·
1185 3593 1273 3638 autern
1291 3585 1404 3648 uenerit,
1423 3585 1520 3655 inquit,
1540 3585 1706 3653 Paroriitua,
1721 3603 1792 3659 prtem
1805 3581 1925 3656 modi*
1971 3571 1972 3582 ¹

337 3687 404 3730 stro.
420 3674 471 3744 Qui
486 3675 550 3730 dum
563 3674 606 3731 iris
619 3675 784 3732 testimoniis
800 3680 828 3729 et
839 3682 948 3731 creator
961 3683 989 3731 et
1001 3675 1073 3731 Deus
1087 3690 1136 3746 ap-
1185 3672 1256 3728 uoto
1268 3690 1285 3730 o
1295 3671 1376 3728 Patre
1387 3672 1516 3745 Spiritum
1529 3675 1657 3742 rurltutir,
1669 3678 1715 3749 qui
1730 3693 1747 3731 o
1760 3665 1924 3743 commodi,
1971 3687 1972 3748 3

339 3768 477 3838 probetur,
497 3774 524 3823 et
541 3782 574 3823 ex
586 3768 667 3824 Patre
679 3776 707 3825 et
718 3768 786 3825 i'ilio
800 3768 835 3824 ab
847 3769 922 3824 omni
937 3769 1071 3825 catholiea
1084 3769 1132 3825 Eo·
1185 3762 1230 3817 ilie
1244 3763 1420 3818 testimouium
1433 3764 1576 3835 perhibebit
1591 3765 1624 3820 de
1638 3784 1682 3822 me
1697 3766 1783 3840 (loon.
1794 3763 1841 3834 ml.
1852 3760 1924 3814 urar

338 3859 423 3915 etesia
446 3858 593 3928 procedere
616 3858 755 3925 credatur,
781 3859 956 3929 querendum
979 3866 1022 3915 est
1044 3867 1135 3918 utrum
1186 3868 1247 3908 sum
1263 3853 1321 3923 ipse
1338 3853 1387 3909 bei
1406 3861 1435 3908 et
1455 3854 1596 3910 bominum
1614 3844 1923 3912 mediatorltomimsiow

340 3962 451 4003 necesse
464 3948 573 4003 sitcum
587 3963 636 4020 per
650 3949 749 4004 Filium
768 3950 879 4006 aPatre
893 3957 921 4005 et
934 3949 1135 4029 nonpotiusex
1187 3943 1311 4001 Christus
1334 3952 1395 4014 post
1417 3946 1647 4002 resurrectionem
1670 3962 1755 4012 suam,
1773 3952 1801 4000 ut
1816 3937 1923 3998 Μ

340 4036 421 4093 Patre
434 4038 703 4109 etliilioprocedere
716 4040 846 4109 profiteri,
867 4056 928 4097 cum
949 4040 1136 4110 hujuscemodi
1187 4036 1411 4106 asoprooedere
1431 4033 1563 4106 Spiritum
1584 4045 1710 4095 sanctum
1732 4027 1921 4092 simrurbtt
1971 4087 1972 4090 ,

341 4128 576 4200 professioneque
593 4130 753 4197 inNieeno,
775 4146 863 4202 uentre
884 4130 1137 4188 ianaloedoneusi
1187 4125 1327 4183 insuillans
1351 4126 1379 4181 in
1399 4125 1547 4197 discipulos
1565 4143 1631 4184 suos
1649 4129 1699 4196 ait,
1722 4117 1922 4197 dommulum
1971 4143 1972 4154 ¹

341 4218 464 4290 symbolo
478 4235 493 4274 a
509 4220 611 4277 satietis
625 4219 753 4277 Patribus
765 4218 838 4277 iacta
853 4221 1016 4276 inveniatur.
1029 4221 1082 4278 Per
1092 4220 1138 4276 Fi·
1187 4227 1307 4275 raretum
1327 4217 1419 4292 (toan.
1435 4216 1499 4290 xr);
1521 4220 1570 4290 qui
1584 4220 1638 4277 nisi
1656 4221 1692 4276 ab
1703 4231 1737 4275 eo
1748 4213 1883 4290 procedes
1893 4214 1922 4258 u·
1971 4211 1972 4284 i

342 4308 407 4363 lium
431 4307 504 4363 enim
529 4325 610 4380 super
632 4312 770 4381 apostolos
790 4310 819 4366 in
843 4311 906 4383 igne
928 4311 1063 4381 apparuit,
1088 4327 1138 4384 per
1188 4323 1324 4378 quaquam
1337 4322 1400 4363 eum
1415 4306 1554 4364 insufflans
1567 4308 1708 4380 discipulis
1717 4308 1798 4364 daret
1817 4299 1921 4360 llum

341 4396 440 4453 Filium
460 4399 615 4457 bominibus
633 4401 712 4458 datus
726 4408 783 4469 est,
802 4403 938 4480 ,quoniam
962 4403 997 4458 ab
1011 4403 1137 4460 omnibus
1149 4430 1176 4494 D
1188 4408 1231 4454 est
1244 4397 1361 4478 Spiritus
1374 4396 1466 4454 Patris
1484 4405 1512 4452 et
1525 4396 1598 4463 Filii,
1621 4414 1701 4465 unus,
1712 4391 1922 4466 resupnum
1971 4403 1972 4406 ’

342 4486 461 4556 Spiritus
477 4497 587 4546 sanctus
603 4491 688 4562 accipi
707 4507 761 4547 nou
777 4491 830 4548 uisi
847 4507 896 4562 per
906 4490 1004 4548 Filium
1021 4500 1136 4563 poterat.
1189 4489 1292 4555 vimus,
1314 4489 1457 4545 ambomm
1485 4489 1613 4561 Suillius·
1642 4488 1718 4557 0⁰⁰1!
1744 4487 1766 4543 δί
1786 4482 1836 4555 ‘luis
1853 4475 1922 4575 Μ

342 4574 505 4632 Petillium
525 4594 590 4634 vero
608 4596 671 4636 eum
696 4598 712 4636 a
729 4581 811 4638 Patre
832 4583 980 4653 procedere
1002 4581 1136 4654 profiteri,
1189 4581 1324 4650 quomodo
1341 4579 1428 4637 Filius
1441 4597 1457 4637 a
1470 4580 1551 4636 Patre
1568 4581 1704 4639 armato
1717 4565 1922 4652 promotum

343 4664 480 4734 synodicae
499 4669 663 4724 corriessioni
684 4671 844 4727 inusitatum
862 4681 926 4731 est:
940 4674 1140 4745 quoniaanpi·
1189 4683 1254 4728 vero
1266 4679 1377 4728 sanum
1393 4672 1562 4742 procedendo
1583 4687 1638 4727 non
1651 4670 1781 4735 moritum
1796 4664 1922 4722 rurum
1971 4667 1972 4682 ¹

344 4754 414 4810 ritus
432 4765 542 4813 sanetus
562 4768 591 4815 ut
608 4760 717 4818 aPatre
734 4764 863 4833 procedat
882 4781 937 4821 nou
952 4776 1014 4837 eget
1027 4765 1139 4824 alterius
1190 4769 1305 4833 ιιῑθῑιιῐιθ
1322 4762 1378 4819 θῑῐιῑ
1395 4762 1453 4827 filib
1476 4777 1540 4819 0¹¹³!
1559 4771 1677 4834 numne
1691 4778 1707 4818 ²
1721 4761 1796 4817 Ρθῑῐθ
1806 4747 1923 4826 Ι)ῐθῦυὼιιὶ

343 4846 490 4917 adjutorio,
506 4857 537 4906 ut
552 4867 602 4921 per
613 4853 731 4924 aliquam
747 4855 893 4926 procedat,
918 4872 981 4913 cum
994 4858 1087 4928 utiquc
1104 4859 1141 4914 sit
1190 4864 1238 4910 aut
1251 4869 1302 4912 cor
1319 4869 1374 4912 nou
1392 4863 1420 4913 et
1438 4856 1558 4927 Spiritus
1581 4866 1690 4914 saumas
1707 4856 1804 4912 dicatur
1820 4837 1922 4914 iiiiii*

342 4939 425 4995 tertia
448 4941 476 4995 iu
494 4942 589 4998 eadem
608 4951 702 5000 sancta
721 4945 855 5003 Trinitate
876 4962 992 5019 persona
1013 4953 1141 5007 etunius
1191 4947 1368 5016 sicutPater;
1386 4956 1434 5005 aut
1446 4951 1582 5020 monsedo
1602 4952 1638 5007 ab
1655 4958 1765 5018 utmouc
1777 4928 1923 5015 puseus*

344 5047 407 5087 cum
426 5030 508 5090 Patre
531 5042 559 5091 et
578 5034 649 5092 Filio
670 5037 707 5093 sit
728 5041 874 5109 potestatis
896 5050 978 5111 atque
1002 5042 1138 5099 essentiae.
1192 5039 1417 5096 carlittusdieat
1429 5059 1436 5095 ε
1448 5040 1525 5097 Sicut
1534 5040 1612 5096 balet
1620 5027 1922 5096 operuimus-W·

344 5119 396 5189 Qui
408 5137 469 5179 curo
483 5141 499 5181 a
511 5139 541 5181 se
554 5127 624 5184 licus
635 5129 681 5193 sit,
697 5130 733 5186 ad
743 5146 794 5187 uos
810 5140 902 5189 autem
918 5132 1030 5190 relative
1039 5133 1140 5190 donum
1191 5131 1230 5185 rio
1246 5129 1319 5186 dedit
1336 5128 1409 5186 Filio
1429 5132 1509 5187 oitom
1523 5131 1619 5188 iobcro
1641 5132 1669 5187 in
1684 5128 1809 5196 unatim
1822 5100 1922 5190 (imi

345 5218 394 5275 esi»
410 5212 576 5272 distribuens
586 5218 701 5289 singuiis
713 5229 796 5289 pruut
813 5223 871 5277 ruit
892 5225 1042 5296 gratiarum
1059 5226 1140 5282 dona.
1191 5222 1271 5293 quasi
1284 5230 1364 5279 antea
1384 5224 1444 5279 sine
1455 5224 1511 5279 rita
1527 5224 1599 5280 mmo
1615 5224 1698 5281 Filius
1711 5212 1838 5278 exstiterit.
1848 5199 1921 5260 W

345 5299 413 5356 Nam
433 5311 460 5358 et
477 5306 633 5376 prophetias
645 5309 745 5380 quibus
763 5311 820 5367 uult
841 5313 971 5384 impertit,
986 5323 1015 5371 et
1031 5325 1142 5387 peecata
1192 5312 1537 5384 Patredautesuscrperit;
1553 5322 1601 5370 aut
1613 5297 1921 5385 qoamooouaeroutffl

346 5392 445 5460 quibus
457 5396 513 5451 vult
523 5399 645 5466 dimittit,
658 5417 718 5472 qum
731 5403 791 5461 siue
804 5406 851 5463 illo
865 5422 918 5462 uon
931 5409 1085 5466 donantur:
1097 5411 1143 5480 qui
1194 5405 1252 5461 siue
1264 5404 1344 5471 Filio,
1360 5413 1389 5461 ct
1408 5413 1498 5462 tamen
1512 5406 1595 5463 Pater
1607 5405 1699 5478 genuit
1717 5400 1816 5458 sitiunt
1832 5391 1867 5444 Ν*
1878 5387 1920 5448 i*

348 5484 410 5543 iude
419 5490 528 5559 pmprie
546 5491 667 5549 ebaritas
682 5504 864 5566 nuncupatur,
878 5498 921 5555 rel
934 5500 997 5570 quia
1012 5501 1145 5556 naturaii—
1195 5495 1275 5553 niodo
1289 5496 1375 5555 Filius
1395 5513 1532 5569 nusquam
1557 5501 1616 5556 sine
1631 5497 1739 5569 spiritu,
1759 5497 1784 5547 0¹
1804 5491 1873 5541 ΗΜ
1883 5468 1918 5525 ¹⁸²

348 5584 390 5631 ter
401 5592 450 5633 eos
465 5594 480 5633 a
495 5580 595 5651 quibus
605 5585 727 5652 pmeedtt
739 5585 889 5660 conjungit,
900 5597 929 5645 et
940 5605 969 5647 se
981 5606 1065 5646 uuum
1081 5606 1144 5647 cum
1195 5587 1258 5644 Nisi
1276 5605 1322 5657 epo
1340 5591 1440 5658 obiero,
1457 5590 1608 5649 Pororlitur
1621 5609 1674 5649 nort
1686 5578 1803 5647 uuum
1816 5562 1917 5636 t*lim*

349 5664 390 5721 eis
404 5681 464 5723 esse
476 5671 604 5739 ostendit,
619 5674 659 5729 rel
671 5677 735 5746 quia
750 5679 777 5734 in
791 5679 870 5736 nobis
883 5680 910 5736 id
923 5681 988 5752 agit,
1005 5691 1035 5738 ut
1048 5682 1076 5739 in
1088 5682 1144 5740 lieo
1196 5686 1269 5760 xvr);
1293 5696 1340 5746 aut
1359 5689 1495 5761 quomodo
1508 5689 1593 5747 Filius
1606 5705 1659 5748 non
1677 5687 1709 5746 de
1728 5696 1762 5750 se
1777 5658 1918 5735 mm

1881 6077 1972 6159 A
