4050 6192
219 247 273 306 823
303 245 381 303 con.
403 244 490 303 turs.
511 279 546 288 -
564 245 718 305 uonna..
739 247 839 314 Em,
860 247 927 306 SEU
945 247 1023 303 edu.
1043 247 1251 310 mancinus,
1270 281 1307 293 ·-
1324 250 1403 307 APP.
1418 280 1454 292 -
1472 252 1560 307 lllPl..
1581 253 1719 310 llbliillllll
1738 256 1758 310 l.
1797 256 1852 311 dett

216 360 496 433 promissionemseu
515 359 710 430 professionem
729 360 828 416 Leonis
838 361 882 425 ll,
894 376 947 430 pua
961 375 1007 416 eo-
1020 366 1046 425 Α
1059 362 1188 429 decreuit,
1199 375 1229 420 et
1237 365 1319 421 beonl
1333 367 1369 423 ti
1379 366 1425 438 qui
1443 368 1602 437 porrtillcum
1614 371 1733 424 ominium
1746 371 1850 439 primus

217 448 275 486 mur
296 430 481 500 imperialibus
494 432 585 486 missis
603 446 633 486 se
649 446 767 490 canones
779 439 807 483 et
816 430 926 485 decreta
938 446 1008 500 prse-
1059 432 1087 487 ln
1105 436 1306 490 exsecutionem
1323 438 1399 493 misit
1413 436 1500 516 Sergii
1511 436 1533 492 ll
1545 439 1775 502 corastitutionem,
1795 456 1848 511 qrra

218 503 389 558 «bessorum
404 517 436 555 ae
457 502 606 571 praesertim
628 516 672 556 res
688 500 813 555 Ecclesia
831 511 1007 556 conseruntu-
1058 501 1203 560 Lotbarius
1213 517 1241 561 et
1249 507 1401 563 Lndoricus
1410 517 1571 578 potestatem
1584 509 1655 563 illam
1665 510 1848 576 abrincarum,

217 587 278 626 rum
300 570 461 639 pollicetur:
482 580 616 627 tumuere
669 571 839 652 rspicuaest
861 570 1009 640 imperialis
1060 571 1154 629 referri
1180 584 1314 632 testantur
1339 586 1491 647 acceptam,
1514 579 1695 646 Quamobrem
1714 578 1760 647 jus
1782 581 1849 635 illud

216 650 338 711 potestas
359 641 387 695 in
410 642 524 695 linmaui
548 642 624 712 ponti
645 642 686 696 eis
709 653 856 695 creatione.
873 640 909 695 alt
933 641 1007 711 Papii
1060 642 1208 713 imperiale,
1245 663 1274 702 ro
1295 649 1507 717 qrroasseremlo
1527 658 1582 703 tam
1603 650 1686 703 rrrrrlta
1701 650 1849 719 disputant,

181 761 188 777 ,
215 713 386 793 aliorumque
403 712 504 795 opinio,
518 713 563 782 qui
582 711 739 793 seilicet-ut
751 710 910 792 ‘Occidentis
924 711 1009 781 irupe
1059 721 1168 783 tamque
1194 660 1368 773 ressemeuter
1391 718 1417 773 di
1436 718 1580 782 ladiantur,
1605 719 1782 803 imperatores
1798 720 1850 791 ipsi

183 793 192 827 ἰ
216 783 353 838 rotorrbns
365 796 411 850 rus
423 782 615 837 continuanda·
633 780 773 836 electionis
784 780 929 846 nrultecnt,
944 798 1008 852 gra·
1060 794 1200 853 respuunt,
1227 801 1309 856 scrpue
1333 735 1487 857 amanitae
1512 789 1583 844 sedis
1608 789 1749 860 priuilegio
1773 790 1803 844 ia
1820 806 1849 844 rr.

215 868 276 907 rem
300 852 333 906 ils
345 850 471 921 injuriam
489 851 600 915 iaciunt,
615 851 678 905 dum
693 850 824 907 odoacris
838 858 865 904 et
876 850 1009 918 Augusto
1060 855 1127 908 lariti
1141 858 1269 911 momenti
1280 857 1381 912 babere
1394 865 1555 929 potestatem
1566 858 1694 923 latentur,
1705 874 1785 928 quam
1797 860 1849 915 sibi

215 938 276 976 rom
284 922 403 978 Orientis
413 922 615 991 usurpationem
622 921 717 977 iisdem
728 921 889 984 attribuunt,
902 922 1009 975 corruel·
1060 924 1169 994 suisque
1179 927 1295 997 posteris
1308 927 1408 984 salvam
1420 926 1479 984 lore
1490 930 1667 984 constituunt.
1682 929 1720 983 ue
1729 930 1848 985 subscri·

216 991 291 1046 lrtnr.
306 992 374 1047 Nam
388 991 452 1048 Otto
472 1002 500 1048 et
517 991 650 1047 ilenricus
663 991 734 1046 banc
747 991 949 1060 imperatoriam
960 1007 1009 1061 po·
1058 993 1196 1062 orionibus
1211 998 1369 1067 cicerisque
1384 997 1420 1053 ad
1437 1008 1586 1055 extremam
1602 1008 1706 1070 partem
1721 998 1850 1069 diploma·

215 1070 352 1126 testatem,
366 1077 448 1132 quam
470 1072 586 1133 uterquc
604 1062 662 1116 vult
681 1061 794 1121 salvant,
808 1077 862 1115 uon
879 1060 1008 1115 Lotbario
1059 1064 1095 1120 tis
1106 1065 1313 1134 pertinentibus,
1328 1068 1384 1123 dirl
1396 1069 1424 1123 iu
1437 1069 1599 1139 praecedeuti
1613 1070 1812 1126 dissertatione.

212 1141 242 1185 et
257 1131 393 1188 Ludorico
409 1133 549 1204 Augustis,
564 1132 613 1188 sed
626 1132 747 1203 Eugenio
768 1130 814 1201 qrri
827 1132 860 1186 de
876 1131 1021 1198 electione⁴

546 1338 551 1348 '
582 1337 870 1408 187e'xauete't1
888 1340 1072 1397 Pllll‘lLEGll
1092 1343 1230 1398 libitum
1247 1338 1480 1398 ttteutttletls

731 1487 763 1526 lte
783 1486 929 1529 nectemus
948 1489 1035 1531 ΒΕΑΤΟ
1053 1489 1141 1529 renuo
1152 1488 1297 1530 CONCESSlS·

250 1592 264 1620 ⁸
277 1579 307 1633 ln
327 1578 435 1633 nomine
448 1577 552 1633 Domini
571 1579 619 1633 [tei
641 1578 844 1648 omnipotentis,
862 1579 962 1641 Patris,
977 1589 1004 1634 et
1020 1590 1043 1649 Β
1058 1597 1119 1636 orm
1135 1580 1258 1643 urbibus,
1272 1579 1439 1641 ciuitatibus,
1463 1576 1577 1648 oppidis,
1599 1586 1627 1631 et
1649 1576 1777 1640 castellis,
1796 1593 1849 1647 qrre

211 1647 286 1713 sita,
298 1656 324 1703 et
338 1648 456 1718 Spiritus
468 1649 566 1703 saneti.
582 1649 639 1719 ligo
653 1649 785 1704 ilenrieus
798 1650 845 1704 uei
858 1650 943 1720 pratia
955 1651 1005 1704 lm·
1057 1652 1101 1721 pie
1113 1648 1567 1719 reeordatimtisdonnosPippinns,
1577 1647 1847 1710 etdounusCarolus,

211 1727 324 1790 perator
336 1718 405 1789 dap.
422 1718 436 1759 b
450 1719 571 1788 spondeo
588 1730 669 1789 atque
684 1720 812 1801 pmmittu
826 1735 874 1789 per
893 1722 944 1776 boc
958 1736 1006 1788 pa·
1055 1729 1083 1777 et
1094 1722 1199 1776 donnaus
1209 1720 1370 1780 ludovicus,
1379 1728 1406 1774 et
1416 1718 1483 1774 Octo
1495 1718 1565 1772 lilius
1575 1715 1633 1784 ejus
1643 1717 1848 1786 predecessores

210 1797 289 1845 mum
304 1789 518 1844 confirmationis
529 1805 628 1849 ,tresue
645 1790 692 1843 tiln
707 1790 785 1844 beato
795 1789 878 1845 Petro
890 1790 1005 1860 principi
1055 1791 1180 1847 videlicet
1202 1790 1287 1845 nostri
1302 1791 1382 1844 beato
1396 1789 1476 1845 Petm
1488 1789 1619 1858 apostolo,
1633 1796 1660 1842 et
1673 1788 1846 1857 predecesso-

210 1860 398 1942 apostolorum
421 1867 448 1914 et
469 1859 605 1929 clavigero
628 1859 704 1929 regni
727 1860 856 1923 celorum,
871 1871 898 1915 et
917 1868 1005 1930 perte
1056 1862 1178 1931 ribusl
1259 1858 1524 1928 restrisjanuludum
1539 1872 1589 1927 per
1610 1857 1763 1912 donationis
1776 1860 1849 1931 pagi-

211 1930 318 1985 metria
336 1939 381 1982 tuo
406 1930 495 1984 dcam
517 1929 662 1984 Benedimo
686 1945 793 1985 summo
815 1931 951 1998 pontilici,
976 1939 1005 1985 et
1056 1947 1117 1985 nam
1131 1929 1340 1994 contuemntd,
1360 1931 1466 1985 bocest
1483 1929 1621 1983 civitatem
1642 1926 1849 1993 Rat'ennam,et

210 1999 360 2054 urrirersali
371 2013 449 2069 pape,
459 1999 803 2068 sioutapredecessoribus
813 2001 910 2055 vestris
919 2015 1005 2069 uspue
1055 2001 1181 2057 llariliam
1205 2012 1227 2064 0,
1249 2000 1362 2055 Bobium
1377 1999 1398 2072 l,
1412 1998 1461 2072 etl,
1483 1997 1624 2062 cesenam,
1645 1995 1847 2067 Forumpopnli,

211 2086 284 2125 rrrrnc
295 2069 322 2123 in
342 2077 432 2125 restra
448 2077 583 2140 potestate
595 2084 628 2123 ac
640 2068 742 2124 ditione
755 2071 890 2134 tenuistis,
906 2079 933 2125 et
949 2071 1004 2125 dis·
1055 2071 1227 2132 l’orumlirii,
1243 2069 1414 2134 Faventiam,
1428 2068 1552 2131 imolam,
1572 2067 1735 2130 Bononiam,
1750 2066 1847 2122 Ferra-

211 2140 342 2207 posoistis
357 2150 369 2178 0
386 2139 524 2195 civitatem
536 2139 685 2194 Romanam
700 2155 762 2194 curn
780 2140 880 2195 ducatu
904 2155 963 2204 suo,
977 2147 1004 2194 et
1055 2140 1330 2207 riam,Comiacclum
1344 2137 1689 2212 [Gomiaelurn],aldrinnis,
1703 2137 1848 2206 atqueGa-

209 2208 376 2264 srdmrbanis
388 2209 454 2275 suis,
468 2219 550 2279 atque
562 2210 657 2264 viculis
669 2211 805 2276 omnibus,
818 2218 847 2264 et
860 2210 1006 2266 territoriis
1055 2211 1163 2272 bellum,
1178 2226 1241 2267 eum
1252 2211 1379 2266 omnibus
1390 2210 1499 2274 tlrribus,
1512 2208 1668 2271 territoriis,
1682 2216 1764 2277 atque
1775 2208 1847 2262 insu·

211 2279 272 2347 ejus
284 2281 431 2342 montanis,
444 2295 477 2334 ac
493 2279 647 2344 maritimis,
667 2280 802 2341 litoribus,
813 2296 845 2335 ac
862 2282 1004 2351 portubus,
1055 2280 1089 2338 lis
1102 2290 1175 2338 terra
1191 2282 1313 2351 marique
1331 2281 1365 2334 ml
1386 2281 1556 2350 supradictas
1568 2278 1692 2334 civitates
1709 2280 1848 2347 pertinea-

210 2365 260 2404 seu
280 2350 388 2404 cunctis
410 2349 574 2413 ciuitatibus,
588 2349 717 2413 castellis,
729 2351 845 2421 oppidis,
860 2366 892 2405 ac
908 2351 1005 2405 riculis
1054 2353 1137 2408 tibus.
1164 2351 1249 2407 Simul
1270 2360 1298 2406 et
1322 2349 1508 2421 Pentapolim,
1528 2349 1653 2404 videlicet
1679 2346 1848 2413 Ariminum,

210 2419 454 2489 Tuseiepartibus,
466 2419 544 2475 idest
555 2418 1003 2485 Portum,Ceutumcellas,Cerere,
1054 2423 1230 2488 Pensnnrum,
1247 2420 1359 2484 Fanum,
1374 2421 1564 2490 senogalliam,
1588 2418 1738 2481 Anconam,
1764 2417 1848 2477 boxi-

209 2488 333 2554 l’ledam,
357 2488 566 2552 Mamuriauum,
586 2489 704 2544 Sutrium
726 2489 928 2562 [llaturiamrm
953 2489 1005 2545 Su·
1054 2508 1128 2547 mum
1139 2490 1303 2565 [dissimum]
1316 2490 1477 2553 llumanam,
1491 2487 1846 2558 llcsim,·Fonrmsimpronii

212 2559 319 2632 trium]‚
335 2558 445 2629 Nepam,
456 2559 602 2614 Castellum
617 2559 755 2624 Galliscm,
769 2560 861 2616 Ortem
872 2559 1003 2633 [Orcemp
1055 2560 1104 2634 [ll.
1121 2563 1183 2618 Sem
1205 2561 1296 2633 mulii,
1311 2558 1524 2622 montemfeltri,
1543 2558 1685 2623 Urbicum,
1696 2566 1725 2614 et
1736 2559 1846 2613 territo·

210 2629 419 2694 Pollimartium,
435 2628 581 2691 Ameriam,
594 2629 707 2694 ludam,
724 2630 863 2686 Pentsiam
877 2645 940 2685 cum
954 2632 1004 2686 tri·
1055 2633 1125 2687 rium
1140 2579 1273 2688 vagense
1295 2629 1459 2703 [balneusel
1475 2630 1565 2692 Callis,
1578 2628 1707 2692 Luciolis,
1719 2637 1746 2683 et
1760 2629 1847 2699 Eunu

212 2698 265 2755 bus
275 2700 372 2754 insulis
382 2701 450 2763 suis,
463 2701 489 2755 td
501 2709 542 2755 est
555 2698 657 2767 trrajore
678 2710 706 2755 et
719 2701 837 2772 minore,
851 2701 1005 2755 Pubeusim
1053 2702 1128 2757 bium
1146 2719 1208 2758 cour
1221 2702 1347 2758 omnibus
1362 2701 1461 2756 linibus
1479 2715 1512 2755 ac
1532 2699 1678 2755 territoriis
1691 2698 1726 2753 ad
1738 2699 1845 2753 easdem

211 2766 232 2842 [,
245 2779 274 2825 et
293 2769 377 2893 beel,
392 2768 529 2833 Narniam,
546 2780 574 2825 ct
592 2768 927 2844 lltricelamffltritbrlum]
942 2787 1004 2826 cum
1054 2773 1179 2828 civitates
1200 2772 1408 2855 pertinentibus.
1434 2771 1473 2826 Eo
1498 2768 1622 2842 [Eodem]
1636 2768 1717 2824 modo
1738 2769 1848 2825 territo·

209 2840 339 2894 omnibus
366 2840 689 2896 tuibusetterritoriisml
702 2842 1005 2912 supradictasciritates
1053 2842 1124 2897 rium
1146 2843 1296 2898 Sabinense
1313 2840 1424 2903 ¹,sicut
1446 2857 1461 2895 a
1486 2838 1615 2910 predictis
1637 2838 1848 2908 imperatoribus

209 2911 420 2980 pertinentibus.
1015 2914 1270 3001 canteoessoribus
1295 2912 1395 2968 nostris
1410 2915 1422 2952 ⁸
1440 2912 1520 2967 beato
1547 2910 1628 2965 Petro
1653 2909 1775 2978 apostolo
1798 2923 1847 2978 per

245 2979 581 3036 Necnoueteaarebatom
591 2981 1003 3054 ltarermatcmsubiutcgritate
1051 2981 1347 3053 donationisseriptum
1363 2995 1523 3038 concessum
1538 2987 1581 3035 est
1604 2979 1655 3036 snb
1682 2980 1846 3052 integritate.

246 3128 259 3157 ¹
279 3116 383 3169 Daotm
395 3114 471 3170 uncis
486 3113 596 3169 inclusa
608 3115 744 3170 variantes
754 3115 896 3180 lectiones,
907 3130 941 3171 ex
952 3131 1002 3171 au·
1053 3116 1109 3172 luta
1124 3116 1238 3181 scilieet,
1254 3133 1289 3172 an
1302 3124 1412 3174 senatos
1424 3115 1570 3186 popellum
1591 3113 1698 3185 lepibns
1717 3114 1843 3174 admista.

209 3188 331 3242 theutica
343 3184 490 3240 lnnooentii
507 3186 541 3240 tv
553 3185 710 3255 desumptae.
1052 3187 1156 3243 ldciroo
1167 3188 1320 3243 conditione
1339 3187 1384 3242 illa
1395 3188 1462 3241 sicut
1471 3186 1591 3241 terruistis
1602 3184 1715 3242 dominii
1728 3186 1846 3256 qualitas

246 3257 261 3297 δ
281 3256 320 3311 lie
329 3256 498 3310 inuocatione
508 3264 534 3309 et
552 3255 686 3325 principio
700 3268 807 3325 semper
819 3256 899 3310 simili
915 3257 941 3310 iu
954 3257 1003 3312 tri-
1054 3257 1121 3313 telin
1142 3258 1216 3312 nitur
1229 3257 1256 3312 in
1270 3257 1391 3328 ancipiti.

209 3326 262 3382 bns
273 3325 514 3395 diplomatibnsest
527 3326 628 3381 dictum
637 3325 704 3380 satis
719 3326 745 3379 in
756 3326 1002 3380 dissertationibus.
1090 3273 1216 3384 ⁰aeliam
1233 3327 1373 3397 astipulari
1396 3327 1430 3381 iis
1453 3327 1510 3397 qrri,
1534 3325 1618 3380 nimio
1647 3334 1748 3380 sancte
1772 3327 1845 3382 sedis

211 3397 250 3452 [le
263 3398 327 3466 imp.
346 3393 460 3466 luponi
475 3395 562 3461 titulo,
574 3410 655 3464 quern
669 3396 720 3450 sibi
735 3395 839 3460 triluit,
855 3397 1001 3452 notandum
1053 3413 1145 3453 amore
1155 3397 1237 3462 ducti,
1252 3398 1401 3452 extendunt
1414 3396 1553 3452 AEmiliam
1565 3410 1650 3465 nsque
1665 3395 1841 3459 Placentiam,

209 3468 342 3522 adversus
351 3464 527 3520 Germanicos
537 3466 692 3535 scriptores,
704 3465 750 3534 poi
761 3466 844 3520 etiam
855 3466 1001 3522 llearicum
1052 3468 1123 3523 trude
1139 3481 1203 3523 rere
1221 3467 1360 3538 provincia
1370 3468 1415 3522 illa
1429 3466 1575 3537 incipiebat
1588 3465 1694 3521 Roriam.
1711 3474 1845 3538 tcumorc.

210 3545 315 3605 patrem
335 3536 443 3590 0ttonis
461 3537 532 3590 inter
552 3536 729 3606 imperatores
747 3544 897 3601 recensent,
912 3536 939 3590 di
961 3535 1000 3591 lo·
1051 3537 1195 3593 Provincia
1211 3538 1276 3593 item
1291 3537 1522 3592 erarsecntomr
1538 3542 1584 3591 et.
1625 3551 1665 3606 q,
1685 3543 1714 3590 ut
1726 3544 1800 3607 patet
1812 3551 1845 3591 ex

210 3614 284 3660 mata
307 3605 387 3674 bojas
401 3606 544 3676 diligenter
554 3606 674 3675 inspecta
691 3621 706 3658 a
720 3605 884 3661 Gotnicensi
905 3551 1002 3661 algare
1051 3610 1234 3663 monumentis
1244 3615 1365 3663 veterum
1380 3621 1387 3661 ι
1404 3622 1461 3688 prae
1477 3607 1537 3662 aliis
1557 3605 1617 3661 lucu
1629 3614 1706 3661 enter
1717 3606 1743 3661 id
1761 3615 1846 3662 testa-

210 3676 285 3729 aliod
296 3674 466 3740 vocabulum,
483 3692 564 3746 quam
586 3676 658 3746 repis
679 3691 733 3730 non
747 3675 914 3745 praeselerre,
928 3676 1001 3730 nulla
1052 3684 1097 3732 tur
1114 3677 1328 3733 Mrerrnaterrsis
1338 3676 1444 3732 concilii
1456 3693 1503 3732 an.
1517 3676 1570 3732 877
1582 3692 1668 3731 carrum
1683 3677 1717 3730 ll
1731 3676 1845 3748 (labbe,

209 3745 582 3809 arblitioneautGermanioe,
600 3754 647 3801 aut
663 3746 837 3810 Francorum,
852 3754 900 3800 aut
912 3746 1002 3801 orien-
1052 3746 1132 3802 Cone.
1156 3758 1222 3802 tom.
1245 3747 1289 3809 lb,
1331 3746 1443 3816 ‚abiit
1460 3766 1469 3798 r
1487 3755 1541 3799 mm
1565 3760 1613 3815 per
1634 3747 1800 3808 Ravennam,
1818 3757 1846 3800 ct

211 3815 274 3870 talis
297 3814 418 3871 Franciae
439 3814 547 3887 (Cicron.
570 3824 636 3870 lom.
656 3815 677 3880 l,
694 3816 712 3870 l.
730 3831 809 3881 u,e.
830 3816 858 3879 ἲ,
901 3815 999 3887 .llil).
1052 3816 1229 3886 Pentapolim,
1248 3816 1437 3880 ettbmiliam,
1452 3830 1532 3887 quarn
1544 3825 1572 3869 et
1584 3831 1633 3885 per
1650 3815 1775 3870 'insciam
1792 3816 1846 3869 llo-

210 3885 238 3939 lrl
251 3886 363 3941 nuniere
376 3896 557 3948 arrnotassem,
573 3886 624 3940 nisi
639 3887 708 3955 apud
728 3885 858 3941 Glossarii
872 3832 1001 3956 ganpiani
1051 3902 1191 3942 manorum
1212 3897 1293 3957 ntqrre
1310 3887 1558 3956 longobardorum.
1582 3894 1610 3939 ct
1632 3900 1712 3940 omne
1738 3886 1846 3941 territo-

209 3957 414 4010 continuatores
424 3956 468 4027 (Υ.
481 3955 622 4026 lmperiruu
634 3957 740 4026 nocens)
748 3956 911 4012 additionem
923 3956 1002 4010 insci·
1051 3956 1123 4011 rium
1143 3958 1230 4012 sancti
1255 3957 1328 4012 Petri
1346 3963 1433 4026 apost.
1451 3976 1459 4009 r
1476 3955 1529 4010 Sed
1545 3955 1683 4024 provincia
1695 3963 1754 4009 erat
1768 3954 1846 4010 valde

210 4025 257 4081 tire
270 4034 297 4079 et
312 4027 430 4080 audaciae
442 4026 549 4095 plenam
572 4024 754 4080 offendissem.
780 4025 845 4079 Eam
871 4025 999 4090 console;
1049 4034 1175 4097 ungusta,
1189 4025 1267 4096 cujus
1279 4026 1346 4082 lines
1358 4026 1527 4081 territorium
1541 4025 1709 4080 Bononiense
1723 4034 1846 4096 exparte

210 4096 312 4151 rninre
325 4096 449 4150 bduciam
466 4096 615 4160 bominum,
628 4095 688 4150 ride
708 4095 773 4165 quid
793 4096 899 4164 possint
919 4097 1000 4150 studii
1051 4111 1113 4157 urna,
1133 4111 1167 4151 ex
1190 4096 1275 4152 altera
1299 4113 1364 4153 rero
1385 4094 1552 4166 Pentapolis.
1571 4094 1661 4161 Quare
1682 4094 1846 4157 badericus,

209 4181 301 4221 ennsae
321 4182 382 4221 enm
402 4166 509 4220 assidua
531 4166 671 4221 sectarios.
697 4165 812 4219 lectione
837 4164 999 4233 conjunctae.
1050 4165 1123 4229 Otto,
1138 4175 1166 4222 ct
1178 4167 1310 4222 ilenriens
1325 4166 1495 4222 Exarcbntus
1514 4175 1542 4218 et
1554 4164 1710 4234 Pentapolis
1720 4165 1846 4220 ciuitates

209 4235 325 4291 Cbartas
337 4235 556 4306 qumafferuntur
574 4251 652 4290 rreum
669 4234 796 4289 conlatus
815 4236 940 4291 admittet
952 4250 959 4288 τ
971 4247 999 4290 at
1050 4244 1221 4292 enumerant.
1241 4237 1379 4292 Placentia
1390 4246 1418 4292 et
1429 4236 1535 4296 Parma,
1548 4236 1593 4290 alis
1627 4234 1741 4290 neultra
1756 4236 1844 4291 Bono-

208 4304 375 4375 imperialem
387 4306 545 4376 dignitatem
557 4305 675 4359 alcone
686 4304 720 4358 lll
731 4306 892 4371 institutam,
906 4314 999 4376 totque
1052 4307 1123 4360 niam
1135 4307 1244 4362 silentio
1254 4307 1385 4362 altissimo
1396 4305 1596 4376 praetermissis.
1634 4313 1693 4360 stne
1705 4305 1845 4368 credibile,

209 4377 393 4430 monrrmentls
410 4382 536 4431 testatam
548 4375 646 4430 eruditi
659 4375 744 4460 probe
756 4385 865 4430 norunt.
1013 4376 1191 4444 ntiabellurn
1208 4378 1340 4432 tantulam
1358 4378 1505 4438 ciuitatem,
1528 4391 1609 4446 quam
1628 4375 1765 4430 Adrianus
1788 4374 1846 4430 ire-

245 4459 257 4485 s
273 4444 358 4501 Anulis
368 4446 425 4501 lere
435 4445 562 4501 trecentis
572 4444 748 4527 pontibcesin
760 4444 882 4500 Romano
889 4446 998 4510 ducatu,
1051 4447 1185 4500 sionnam
1197 4457 1275 4502 vocat
1292 4445 1368 4518 (Cori.
1387 4446 1449 4501 Gar.
1466 4462 1509 4516 ep.
1521 4446 1572 4510 bl,
1586 4445 1621 4500 al.
1639 4443 1684 4514 bl)
1699 4445 1848 4509 recenseri,

210 4515 286 4584 coins
298 4526 379 4587 eaput
391 4516 487 4580 Roma,
507 4517 636 4570 dominatu
660 4523 748 4578 erant,
768 4515 906 4570 dominatu
927 4515 1001 4571 illoa
1052 4516 1207 4640 ritrllamaue
1226 4531 1261 4570 ex
1282 4516 1478 4572 celebrioribus
1501 4516 1572 4572 ultra
1586 4514 1733 4572 &uoniam
1760 4517 1841 4571 nomi·

209 4587 454 4654 nmdecesscrtbus
466 4586 493 4640 in
503 4600 684 4649 successores,
698 4593 727 4639 ut
739 4599 811 4655 saepe
825 4586 938 4649 dictum,
952 4600 1002 4654 per
1052 4586 1131 4640 traril

211 4669 307 4711 manus
325 4665 490 4712 transeunte.
503 4656 532 4710 ld
556 4664 712 4710 mustamer
732 4653 867 4709 allirmant
880 4656 1001 4725 epistole
1052 4656 1206 4726 designatos
1217 4657 1284 4712 llues
1300 4656 1426 4712 Parmam
1444 4665 1536 4726 aperte
1556 4657 1651 4712 ridens
1663 4671 1725 4711 cum
1743 4656 1845 4712 llutirra

210 4725 419 4782 laudantes
438 4725 490 4780 alia
506 4733 679 4781 rnonumenta
691 4733 782 4779 vetera
793 4724 850 4793 jam
863 4724 942 4779 allata
955 4741 1002 4780 us·
1050 4725 1156 4782 excludi
1176 4743 1193 4783 a
1206 4726 1389 4782 dominatione
1410 4736 1510 4781 sauctae
1531 4727 1618 4790 sedis,
1639 4726 1845 4782 allucinationes

211 4796 263 4850 bue
274 4797 308 4852 acl
317 4795 407 4851 Caroli
421 4794 508 4866 llapm
521 4803 650 4859 mortem;
663 4804 690 4851 et
699 4796 797 4850 exinde
808 4796 1000 4864 imperatorum
1051 4804 1192 4852 auctorum
1215 4795 1313 4852 decimi
1339 4797 1408 4853 sexti
1430 4795 1521 4851 saeculi
1547 4795 1730 4852 monumentis
1753 4797 1845 4866 obiicit

209 4867 329 4920 uranium
339 4866 493 4938 diplomata,
508 4881 623 4936 quorum
638 4867 723 4920 instar
732 4873 795 4919 sunt
806 4864 857 4918 tria
870 4865 928 4920 bme
937 4880 998 4934 uuas
1052 4865 1211 4921 venerandae
1233 4865 1419 4936 antiquitatis?
1439 4866 1503 4920 llibi
1518 4868 1627 4934 ‹pudem
1642 4874 1697 4919 tam
1707 4876 1781 4920 errat
1798 4868 1843 4936 qui

210 4936 394 5005 expendimus,
413 4935 740 5006 irrclpiendoabrrdovieo
762 4934 821 4998 Pio,
837 4949 915 5003 quern
936 4935 997 4988 Ste-
1050 4935 1242 5005 diplomatibus
1253 4936 1328 4991 bisce
1339 4937 1465 5001 detrabit,
1476 4950 1556 5005 quam
1570 4937 1617 5005 qui
1628 4934 1749 5006 adjungit
1763 4945 1844 4992 terre

210 5005 400 5075 pirannsllet
416 5004 720 5077 Pasebalislirnperiali
737 5005 897 5059 auctoritate
920 5006 999 5058 robo-
1050 5004 1233 5060 utnumtude
1251 5015 1330 5060 notas
1342 5006 1376 5060 ad
1387 5006 1451 5074 dipl.
1465 5005 1534 5059 Lud.
1546 5005 1620 5060 Pii.'

211 5076 423 5131 rareroloerunt
434 5075 495 5144 jnra
506 5077 597 5131 omnia
608 5084 708 5131 sanetae
720 5075 802 5139 sedis,
815 5089 868 5128 non
880 5076 998 5143 arreptis
1090 5074 1100 5113 ί
1115 5075 1190 5131 Satis
1201 5074 1235 5129 (le
1246 5075 1300 5131 boc
1316 5076 1452 5130 territorio
1463 5076 1490 5129 iu
1504 5075 1570 5130 cm.
1586 5076 1649 5131 Car.
1662 5085 1690 5129 et
1702 5076 1730 5129 in
1744 5076 1844 5131 disser-

210 5144 244 5199 iis
268 5161 329 5217 qnae
354 5148 388 5201 ab
411 5146 472 5200 aliis
496 5146 594 5215 injuste
618 5146 795 5208 tenebantnr;
821 5144 919 5214 quippe
937 5161 997 5212 «pirre
1050 5144 1208 5200 talionibus.
1225 5145 1387 5202 Vidcetiam
1403 5155 1483 5202 notas
1497 5144 1615 5200 edbud.
1635 5146 1675 5200 Pii
1686 5146 1750 5214 dipl.
1771 5146 1843 5201 etad

210 5227 310 5272 saumae
334 5218 391 5271 sedi
416 5216 480 5271 olim
503 5217 667 5271 uindicatum
685 5215 718 5270 iri
740 5214 895 5283 sperabant,
910 5230 997 5283 ireque
1055 5213 1149 5270 Otton.
1223 5267 1228 5276 ,

210 5301 257 5340 eas
343 5285 453 5342 fallaces
470 5286 553 5341 luisse
570 5293 737 5356 compertum
755 5295 807 5339 est.
1090 5284 1144 5340 tin
1156 5283 1222 5355 dipl.
1232 5285 1361 5341 Ludoriei
1374 5285 1413 5341 Pii
1427 5287 1510 5356 leges,
1521 5288 1588 5341 sicut
1601 5303 1616 5339 a
1628 5286 1743 5356 penitere
1755 5295 1844 5341 nostro

245 5356 258 5395 ⁴
331 5357 390 5412 luce
405 5356 504 5411 clarim
518 5357 691 5411 donationum
709 5354 826 5408 initium.
849 5353 1001 5408 Donatores
1053 5352 1200 5420 criminin
1223 5354 1377 5412 Ottonlano.
1401 5358 1468 5411 sicat
1490 5375 1506 5410 n
1525 5356 1631 5411 donrirro
1658 5352 1754 5409 Corolo
1777 5359 1842 5427 lurp.

213 5427 580 5496 squtuemexpressenomin
599 5424 1000 5494 ntur,quodllerinequapuam
1052 5433 1137 5478 antec.
1154 5427 1359 5480 noerosutrobt
1379 5441 1414 5482 ne
1437 5434 1528 5491 recte;
1557 5441 1618 5479 nam
1641 5424 1753 5480 Carolus
1773 5441 1843 5482 otrus

210 5498 313 5562 potuit,
326 5497 372 5552 ubi
382 5499 416 5551 de
428 5497 534 5552 llomm.
551 5496 707 5565 pontificum
719 5494 839 5549 dominio
853 5495 1001 5563 agebatne
1053 5494 1182 5549 territorii
1198 5441 1410 5551 Sabineusisqar
1428 5496 1481 5551 itor
1492 5494 1590 5549 luerat.
1605 5494 1655 5549 llic
1664 5504 1754 5549 autern
1766 5497 1843 5552 nieles

211 5583 266 5619 urm
277 5568 349 5622 enim
364 5565 458 5636 liquet,
474 5584 538 5621 uum
552 5566 700 5635 Gregorius
710 5564 731 5619 ll
744 5580 778 5619 an
793 5563 826 5618 lll
846 5562 927 5618 luerit
940 5565 999 5688 Kri-
1054 5564 1230 5634 imperatores
1245 5579 1340 5620 omnes
1354 5511 1434 5636 paug>
1454 5580 1534 5635 supra
1548 5566 1700 5620 nominatus
1718 5564 1840 5629 bulieari,

211 5652 270 5690 raros
283 5643 416 5695 uriacens.
432 5648 458 5692 et
471 5653 593 5705 qrrzcnam
606 5635 804 5691 administratio
819 5633 937 5697 luente
957 5651 1000 5689 so-
1054 5650 1149 5704 nrrupe
1159 5634 1297 5698 Carnium,
1316 5636 1489 5695 lautorirum,
1503 5633 1623 5694 littores,
1643 5651 1695 5690 nun
1712 5636 1775 5705 ursin
1790 5635 1840 5688 lar·-

1178 4594 1304 4641 eretume
1318 4586 1400 4642 ullam
1421 4587 1499 4642 idern
1515 4588 1561 4655 ptri
1586 4587 1612 4641 iu
1639 4586 1783 4642 donatione
1798 4602 1846 4655 per
