4050 6192
206 381 260 442 m
647 374 676 428 n.
697 370 822 427 cauom
843 365 949 422 trien
969 363 1043 420 ore.
1066 361 1191 418 retusi.
1211 362 1391 419 suentem.
1796 367 1851 424 aas
1934 345 1939 353 ’

207 498 323 558 uobiain
334 495 388 554 boc
398 493 524 552 credendi
540 492 653 548 materia
665 480 996 558 eorrlcritur[coinserturi.
1014 483 1036 544 A
1052 481 1123 535 sisse
1137 480 1243 544 rrrmsos,
1257 491 1286 534 ιιι
1300 493 1447 552 agnoscere
1458 495 1507 552 per
1528 495 1576 537 eos
1592 482 1747 541 valuissetis
1757 496 1851 545 rutrum

206 590 264 648 Nee
279 589 354 646 enim
367 587 448 641 aliter
459 583 578 640 bdelium
590 589 694 637 mentes
717 579 856 635 seminare
870 581 997 645 possunt,
1049 573 1128 630 nobis
1153 589 1168 626 a
1187 582 1264 642 parte
1285 572 1525 643 Langobardorum
1540 573 1673 645 plenariae
1687 575 1767 633 laetae
1782 576 1850 634 luis·

206 697 289 756 quaet
313 680 340 736 ld
350 680 423 749 quod
435 677 534 733 crebro
546 692 562 730 a
576 675 664 739 robis
675 688 726 745 pro
737 671 836 727 intuitu
855 676 998 741 operatum
1049 669 1111 721 sent
1128 664 1251 734 justitiae,
1267 679 1302 718 an
1321 678 1374 718 nou
1389 674 1414 728 ι,
1430 663 1481 734 ipsi
1494 664 1607 721 omnino
1619 681 1709 722 cause
1723 667 1851 723 meritum

205 773 355 837 cemimus,
367 777 396 826 et
414 770 454 825 rci
471 768 687 840 experimentum
706 764 853 821 didicimus
870 774 896 815 ι.
1049 753 1182 824 comperti
1192 762 1265 821 sunt,
1300 761 1328 808 ct
1340 753 1465 809 callidam
1493 755 1644 811 versutiam
1666 763 1748 827 atque
1769 758 1856 818 sedite

243 841 999 933 Sed,bonepotentissimeregmn,eocenuacoportiini-
1049 837 1218 913 falsiloquam
1230 842 1444 913 propositionem
1456 842 1616 900 eorumdem
1630 852 1780 900 nestrorum
1799 859 1856 900 no·-

205 943 999 1020 tas,eocenecessitatisdiescogunt,ettempusingrueotis
1049 944 1222 1005 stratumque
1232 934 1391 991 mirtulorum
1401 945 1584 1006 agnoverunt3
1600 937 1694 1008 eisquc
1705 939 1739 994 ad
1751 955 1851 996 rosre·

205 1046 299 1103 meriti
307 1045 404 1115 exigit,
412 1050 548 1099 utsanctre
559 1042 606 1097 liei
621 1039 761 1107 mdeste,
776 1048 804 1094 et
817 1038 881 1093 buic
893 1052 909 1091 a
921 1036 998 1093 robis
1049 1026 1238 1091 vertentibus,
1266 1023 1321 1081 beo
1346 1026 1474 1097 propitio,
1490 1026 1590 1082 vestris
1611 1028 1795 1099 propalabunt
1820 1031 1858 1114 inx

204 1131 715 1209 liberatmprorioeiaesolitesulnrenire
735 1142 817 1201 atque
838 1143 999 1185 succurrere
1051 1118 1172 1180 autibus,
1186 1117 1226 1172 ⁰1⁸
1240 1116 1358 1187 denique
1371 1117 1404 1174 de
1418 1116 1542 1187 singulte,
1556 1134 1617 1190 quae
1631 1135 1645 1173 a
1663 1120 1741 1176 rubis
1758 1119 1850 1192 irrjuo-

205 1228 367 1300 quangoequ,
384 1225 576 1282 mimmius
590 1233 682 1280 vespm
693 1231 801 1294 satagat
812 1223 838 1275 t,
857 1219 999 1296 2405oe
1049 1218 1093 1266 cta
1109 1209 1270 1274 babuerunt,
1288 1210 1366 1266 uoltis
1378 1210 1732 1284 referentibus,singillatian
1745 1213 1777 1269 de
1789 1230 1851 1269 oru-

204 1324 316 1395 quippe,
331 1329 393 1395 post
406 1321 492 1376 neum
506 1327 534 1375 el
543 1318 602 1388 eius
616 1324 739 1374 sanctam
753 1314 899 1385 gloriosam
910 1311 1000 1368 Gene-
1049 1301 1129 1358 nibus
1149 1317 1307 1372 responsum
1333 1302 1486 1368 reddentes,
1503 1302 1531 1356 in
1543 1317 1638 1358 eorum
1652 1304 1849 1373 posuiruusore

205 1416 312 1479 tricem,
324 1421 407 1482 atque
431 1410 631 1467 sacratissimos
648 1408 734 1478 ipsius
756 1405 904 1475 apostolos,
931 1402 999 1459 bdu-
1050 1411 1111 1465 qum
1122 1401 1219 1450 restrae
1229 1393 1394 1450 excellentiae
1408 1407 1553 1465 suggerere
1575 1394 1700 1460 debeant,
1718 1392 1849 1450 effectum

204 1507 277 1564 ciam
291 1512 413 1560 nostram
432 1502 498 1571 alibi
520 1516 574 1556 non
597 1501 739 1564 babemus,
753 1497 807 1552 nisi
830 1496 859 1551 in
880 1503 999 1551 rostram
1049 1502 1084 1543 ex
1109 1485 1162 1541 hoc
1178 1500 1194 1539 a
1208 1493 1299 1540 restra
1317 1484 1430 1556 adipisci
1455 1481 1763 1554 optantesexcellentia.

204 1596 363 1668 praeclaram
384 1591 594 1650 excellentiam:
609 1591 795 1659 tuenimpost
812 1587 896 1642 Deum
920 1586 1000 1643 nobis
1086 1577 1157 1633 Deus
1169 1585 1260 1633 autern
1283 1577 1456 1647 omnipotens
1469 1576 1501 1632 de
1513 1577 1678 1633 thronosuce
1696 1575 1850 1645 maiestatis

205 1687 349 1757 retugium,
362 1683 595 1744 christianissime
610 1696 668 1748 rer,
687 1689 716 1735 tu
735 1695 799 1736 cnm
819 1679 868 1735 bei
887 1678 999 1734 bachio
1050 1681 1191 1742 supervos
1207 1674 1517 1754 regnumquerestrum,
1533 1675 1615 1738 atque
1635 1665 1851 1722 amantissimam

204 1777 283 1831 tirma
294 1775 391 1836 existis
400 1774 555 1845 opitulatio,
570 1780 598 1829 et
606 1772 720 1828 restria
734 1771 790 1825 beo
802 1767 949 1825 confortati
957 1783 999 1822 rc·
1052 1759 1205 1832 coniugem,
1216 1757 1374 1832 precelsam
1389 1760 1521 1831 reginam,
1538 1758 1689 1831 spiritalem
1699 1771 1764 1815 vero
1777 1775 1851 1816 conr-

204 1869 251 1940 gni
265 1869 408 1931 securitas,
429 1873 522 1922 nostra
536 1874 579 1922 est
593 1866 726 1920 immensa
743 1863 852 1931 lactitia3
867 1877 923 1932 quo
943 1871 1001 1916 tam
1018 1833 1168 1910 ssmatrem
1179 1862 1312 1918 nostram,
1334 1862 1416 1922 atque
1433 1851 1604 1908 dulcissimos
1619 1859 1727 1906 vestros
1740 1850 1851 1921 quidem

204 1973 402 2030 nusquamque
414 1958 558 2014 universus
568 1964 662 2013 nester
673 1954 879 2027 papabasistias
891 1953 1000 2023 porin-
1052 1938 1176 2002 caruales
1190 1937 1278 2010 natos,
1298 1947 1406 2001 nostros
1424 1952 1515 1999 autem
1536 1942 1674 2014 spiritales
1695 1942 1774 2008 lilios,
1799 1956 1851 1997 nee

204 2053 256 2108 ciac
275 2051 378 2124 (divina
400 2065 450 2106 vos
472 2041 628 2106 saririaciat
650 2046 792 2117 mestas)
821 2045 894 2101 ermi
917 2054 1000 2115 aeque
1052 2029 1851 2105 nonersuperuniversnmirmcorumpopulumrespiccrc

205 2142 361 2198 immobiles
375 2142 404 2196 in
418 2149 510 2198 veura
527 2139 664 2195 cbarit‘rte
676 2153 709 2193 ae
721 2135 866 2194 dilectione
883 2146 912 2191 et
923 2134 1002 2205 regni
1051 2127 1189 2197 dignetur,
1203 2135 1231 2181 el
1248 2127 1290 2182 siti
1300 2125 1403 2182 brachii
1415 2121 1554 2181 dexteram
1565 2138 1646 2193 super
1660 2140 1708 2180 tos
1720 2124 1850 2181 extendat

204 2233 288 2288 vestri
300 2233 378 2290 alteo
393 2230 510 2302 protecti
527 2228 708 2294 Francorum,
736 2227 838 2283 amoris
846 2225 1000 2283 constantia
1052 2228 1134 2289 atque
1151 2217 1279 2275 victorias
1298 2217 1375 2274 robis
1392 2215 1426 2274 dc
1447 2216 1519 2273 emlo·
1532 2206 1679 2280 concedat,
1699 2225 1852 2285 ornnesque

203 2330 395 2395 permanentes
419 2321 649 2391 permanebimus,
673 2327 701 2375 et
717 2319 811 2374 nullae
825 2333 878 2373 nos
900 2317 1006 2389 poterit
1052 2308 1534 2367 adversariosantclacienrrcstram
1546 2315 1711 2379 prustemat,
1732 2315 1760 2362 et
1773 2319 1846 2378 prm-

205 2415 343 2472 humanus
359 2413 437 2469 favor
454 2422 503 2467 aui
525 2419 614 2466 terror·
636 2426 654 2466 a
676 2411 762 2466 vestiri
783 2410 890 2465 amoris
908 2408 1002 2465 dulce-
1053 2410 1157 2459 sentem
1174 2402 1259 2458 iilam
1272 2395 1353 2472 loligo
1365 2400 1451 2466 sellio,
1465 2409 1493 2457 ei
1516 2393 1640 2456 futuram·
1653 2391 1848 2456 beatitudinem

204 2505 278 2571 dine,
308 2503 504 2573 claritatisque
528 2501 761 2578 adectusopware
774 2519 781 2556 :
796 2500 846 2558 see
867 2515 925 2556 urta
951 2515 1001 2557 no·
1052 2497 1130 2553 robis
1160 2496 1264 2552 tribuat
1292 2495 1452 2566 perenniter
1483 2494 1683 2564 possidendam:
1715 2491 1793 2548 bens
1820 2499 1849 2546 te

205 2597 249 2654 bis
259 2597 350 2653 eritiu
363 2605 455 2654 restro
465 2596 625 2652 amorsrita
637 2609 670 2649 ae
684 2609 774 2650 mors,
1053 2589 1218 2654 ineolumem
1244 2586 1399 2651 custodiat,¹
1416 2585 1645 2641 excedentissime
1668 2581 1718 2640 nli.

243 2689 312 2758 buia
328 2705 395 2748 rem
418 2687 575 2747 innotuistis
596 2689 632 2745 ‹a›
646 2688 699 2743 boe
711 2692 917 2757 msprmsentea
930 2684 1002 2742 dire

228 2819 1003 2896 ·temlennssnnanuicpaeneinustennntoucurnabe
1052 2827 1192 2899 troetejor
1201 2828 1297 2882 neon
1308 2826 1503 2897 protectionem
1516 2821 1856 2895 aedeieoeionempollici·

204 2910 278 2959 mus,
298 2895 732 2966 quemsclboctimperielietiam
744 2909 850 2950 corona
861 2894 1009 2963 conspicui
1053 2907 1181 2955 tuserat.
1197 2896 1282 2953 Gmru.
1852 2955 1858 2966 ,

207 2980 383 3023 mocessorea
393 2965 500 3036 Pippiei
530 2966 717 3036 suscipiebant
731 2966 790 3035 ipso
807 2966 908 3020 inacta
921 2978 1007 3019 coro·
1089 2963 1156 3024 bEt
1170 2968 1234 3023 bine
1248 2976 1276 3023 et
1291 2982 1325 3022 ex
1338 2975 1401 3022 mex
1417 2961 1592 3037 sequentibus
1608 2971 1691 3037 patet,
1721 2963 1850 3033 presenti

208 3036 337 3091 nationis.
354 3035 383 3090 ld
407 3044 516 3091 constm
529 3051 563 3092 ex
580 3035 738 3107 juramento
759 3037 795 3091 alt
813 3035 909 3090 iisdem
933 3048 1009 3115 prse-v
1053 3054 1104 3109 upe
1119 3039 1270 3095 llotnarmm
1282 3037 1450 3108 provinciam
1462 3037 1584 3106 indigere
1600 3036 1729 3091 adversus
1741 3033 1855 3104 benger-⁷

207 3104 295 3159 stlte:
315 3105 477 3171 rl‘ronritto,
493 3106 622 3176 spondeo,
641 3104 807 3176 etpollrceor
832 3113 915 3174 atque
937 3117 1002 3173 iuro
1053 3111 1164 3166 bardos.
1180 3107 1250 3176 Quid
1262 3116 1353 3164 autem
1371 3107 1439 3163 norb
1463 3106 1574 3178 periculi
1596 3105 1760 3169 immineret,
1785 3119 1849 3159 cum

207 3174 541 3242 melbeatol’etrome
554 3178 588 3232 de
599 3183 892 3247 ceteroprotectorem
909 3187 941 3229 ac
955 3175 1038 3248 dec
1054 3180 1154 3235 sileant
1165 3186 1302 3244 auctores,
1313 3177 1439 3233 merome
1450 3192 1508 3234 non
1589 3237 1594 3244 ⁴
1629 3175 1690 3245 alr.

206 3245 901 3317 lemmembresumnipnutibeismtsanctmltom.
909 3244 1002 3300 Eccle-
1091 3262 1102 3290 ο
1122 3249 1278 3305 Sublluem
1294 3248 1358 3304 anni
1376 3247 1428 3302 too
1439 3249 1493 3321 (ep.
1541 3247 1602 3313 ,al.
1615 3244 1671 3318 bd),
1686 3241 1775 3314 aiebat
1783 3253 1852 3315 pon-

205 3314 1003 3388 siaeinomnibusnemssitatibusetutilitatibussris.»lbp.
1053 3320 1118 3376 tiles
1126 3319 1258 3389 eiusmodi
1272 3318 1457 3375 restitutiones
1468 3318 1527 3374 lieri
1544 3323 1665 3400 emptas:
1683 3325 1799 3385 cumque
1813 3317 1856 3368 de

206 3384 308 3442 llabill.
317 3384 383 3451 Qrd.
393 3383 468 3441 lima.
480 3387 523 3453 lb
537 3404 564 3441 ιι.
579 3384 635 3471 ld.)
648 3388 750 3444 idcirco
762 3403 815 3442 non
825 3385 1003 3442 dubitandum
1053 3391 1147 3446 endem
1161 3405 1191 3446 re
1204 3389 1272 3444 nibil
1284 3388 1400 3459 amplius
1411 3387 1526 3461 Pippino
1538 3388 1686 3458 scripserit,
1695 3385 1853 3441 biesanetan

204 3456 374 3581 (germanam
386 3455 1010 3598 Qpbgpoffiirtitglsusaerraalffirgugrrffiess
1054 3461 1128 3588 mg
1147 3460 1300 3586 ιιιίιιιιιιὶιιι1
1320 3470 1447 3531 satagens
1477 3458 1607 3528 exquirit,
1635 3469 1700 3513 eum
1721 3453 1856 3527 perlectos

441 3567 449 3592 2
754 3568 756 3571 -
822 3546 831 3562 '¹
1129 3547 1157 3587 m
1172 3546 1252 3587 essen
1302 3547 1329 3585 n

205 3540 945 3669 mpudentesbocmmumueessneqnoumn
953 3596 1005 3651 Pe

1065 3721 1846 3754 ww

425 3827 505 3905 241
531 3825 866 3894 mesnilbertre
883 3825 1153 3893 consederint
1173 3827 1401 3905 SmUENTES
1420 3819 1618 3891 turinnes

939 3989 1102 4054 eomedit

920 4159 1111 4174 a*

242 4247 269 4304 l.
284 4243 454 4302 Consentini
466 4243 530 4299 larci
542 4244 657 4315 pereira
673 4245 699 4299 ln
719 4259 735 4299 a
748 4309 755 4327 ι
772 4243 895 4301 stolicam
908 4243 1000 4323 sedem
1052 4238 1208 4300 Ravennam
1230 4259 1317 4326 usque
1338 4245 1372 4302 ad
1391 4237 1420 4301 id
1440 4244 1569 4314 temporis
1594 4245 1741 4302 concedam
1765 4246 1848 4306 ultro.

207 4315 387 4375 intrusilrinae
402 4314 499 4369 littere
521 4312 548 4368 in
571 4310 663 4370 Carol.
758 4314 799 4371 cis
820 4314 922 4371 calcem
951 4329 1001 4369 ure
1051 4313 1178 4370 Attamen
1191 4316 1350 4370 mittebatur
1360 4331 1371 4369 :¹
1387 4331 1437 4372 nec
1475 4319 1525 4370 'na
1541 4315 1720 4372 ordinationis
1735 4315 1849 4377 libertas

207 4395 272 4444 suin
287 4384 404 4454 reiectae.
430 4382 589 4454 Exemplum
617 4398 755 4455 sequerer,
776 4385 827 4440 nisi
855 4329 1001 4455 pontidciee
1052 4385 1197 4440 obtinuitu
1251 4385 1315 4440 ead
1331 4387 1417 4441 saneti
1462 4386 1587 4450 echeriae,
1607 4387 1654 4456 qui
1674 4385 1806 4470 Gregorio
1818 4387 1857 4447 lll‘

207 4455 387 4514 ordinationis
397 4453 512 4508 historia
518 4454 1001 4529 aduersusaliasationmropinionea,
1018 4455 1042 4515 lt
1054 4456 1229 4521 successies
1264 4453 1450 4511 donem'lnm
1459 4471 1524 4511 uero
1533 4464 1561 4512 et
1571 4459 1634 4511 dum
1647 4457 1724 4512 stetit
1733 4473 1761 4512 rn
1772 4458 1849 4516 ltalia

208 4523 663 4598 ereptusqueordoclirooologicus
673 4541 752 4582 secus
766 4525 918 4582 laciendum
941 4539 1004 4596 per·
1054 4525 1170 4581 Emrclii
1185 4526 1315 4596 potentia,
1329 4541 1389 4597 quse
1399 4523 1481 4582 desiit
1501 4525 1631 4582 Z‘acbaria
1653 4529 1748 4583 eodem
1796 4531 1852 4588 nti.

209 4595 364 4674 suaderent.
375 4592 623 4652 lldordiuationem
642 4594 778 4668 pontilicis
800 4595 872 4666 quod
889 4603 1001 4667 spectat,
1054 4597 1116 4662 lice,
1129 4604 1157 4652 et
1166 4603 1228 4668 post
1237 4595 1296 4665 cios
1320 4598 1445 4663 exitium,
1461 4595 1546 4652 lib'era
1569 4596 1704 4653 ordinatio
1722 4543 1857 4663 laffoce·

208 4664 387 4723 ιῖοιιιιιιιιὶιιο
398 4659 537 4736 Pogonato
550 4665 673 4721 tribuum
691 4677 828 4723 recessum
841 4665 877 4721 ab
888 4681 1004 4735 usurpa-
1055 4667 1195 4723 decretum
1211 4666 1362 4732 electionis,
1386 4682 1435 4723 seu
1450 4665 1509 4737 eius
1532 4667 1684 4736 exemplum
1708 4663 1750 4722 ad·
1764 4663 1852 4726 eran

208 4737 283 4793 tione
298 4733 343 4790 illa
356 4731 534 4791 confirmandi
555 4735 715 4795 eiectionem
739 4731 853 4793 bomani
869 4734 1006 4806 pontidcis
1055 4751 1150 4794 corum
1174 4751 1252 4808 reges
1278 4737 1451 4800 mittebatur,
1479 4737 1538 4792 nisi·
1556 4745 1587 4792 ut
1605 4737 1760 4806 generalem
1784 4755 1851 4796 con-

244 4823 258 4862 r
289 4821 329 4871 se,
361 4803 405 4862 rel
430 4815 480 4876 per
511 4804 674 4873 Exercitum,
707 4821 789 4877 quam
824 4805 1003 4873 lastinianus,
1055 4806 1176 4864 cordiam
1195 4807 1455 4878 unanimitatemque
1476 4806 1539 4863 inde
1557 4804 1714 4863 discerent:
1745 4806 1851 4867 idcirco

208 4823 340 4934 dedseris
351 4874 474 4945 vestigiis
486 4875 623 4940 insistens,
641 4877 669 4933 in
735 4877 789 4931 iam
811 4875 1005 4933 Constantino·
1055 4877 1162 4934 nonnisi
1173 4878 1475 4950 postoousecratiooem
1489 4878 1560 4932 mitti
1574 4878 1738 4956 oonsuegit„

246 4948 302 5003 leos
320 4947 469 5003 invexerat
488 4946 577 5014 linare
600 4943 634 5004 ab
649 4963 708 5004 aero
737 4948 833 5003 oannis
849 4945 881 5013 l,
907 4945 954 5016 qni
970 4945 1011 5006 ad·
1092 4943 1124 5003 n.
1150 4948 1201 5003 liei
1225 4956 1414 5017 argumentum
1433 4947 1486 5004 alio
1500 4947 1596 5017 quotis
1610 4948 1853 5023 luculentiossup·

231 5018 282 5073 etri
297 5015 454 5072 cathedram
475 5013 601 5073 aseentbt‘
617 5034 662 5073 an»
677 5013 739 5082 685,
755 5016 827 5072 nulla
850 5023 1005 5086 exspectata
1055 5019 1168 5091 pentes
1181 5017 1384 5088 interpontificii
1398 5019 1550 5075 brevitate:
1575 5018 1725 5088 quodcum
1745 5017 1856 5079 d'csumi'

208 5086 425 5150 condemnatione,
454 5085 648 5146 faustissimam
672 5084 923 5162 baooinstauraue
949 5087 1006 5156 pri·
1056 5089 1128 5160 apud
1139 5101 1233 5145 ornnes
1253 5096 1361 5145 constet
1381 5088 1415 5144 ab
1429 5085 1573 5146 emortuaii
1589 5087 1632 5144 die
1654 5087 1802 5161 pontilicis,
1816 5094 1854 5150 ad

208 5159 290 5215 stine
300 5155 435 5238 libertatis
445 5159 575 5229 epocham
588 5165 723 5230 repetunt.
735 5158 783 5230 bt,
796 5160 941 5215 borracum
955 5158 1005 5212 bu·
1055 5158 1266 5227 ordinationem,
1278 5175 1325 5217 sea
1336 5160 1568 5216 consecrationem
1577 5160 1754 5228 successoris,
1760 5161 1854 5233 sitque

208 5228 290 5299 iosee
310 5226 448 5299 opinionis
472 5237 638 5284 assertorum
664 5228 753 5293 senia,
773 5229 801 5284 id
822 5228 919 5284 laisum
951 5237 1004 5283 est.
1055 5229 1182 5286 omnibus
1210 5231 1237 5285 io
1259 5230 1398 5287 codicibus
1423 5239 1452 5286 et
1475 5228 1606 5301 catalogis
1618 5245 1668 5300 per
1682 5232 1857 5289 uacationem

209 5300 316 5356 biterrim
343 5297 463 5368 quinque
498 5307 527 5354 et
557 5300 735 5382 quadraginta
764 5300 843 5354 arinis
870 5298 1006 5354 recentior
1056 5301 1128 5356 sedis
1141 5315 1309 5370 expressum,
1320 5308 1398 5356 extra
1410 5301 1497 5357 aleam
1508 5315 1566 5355 reru
1580 5300 1855 5375 pouitNolatPape-

208 5367 341 5439 eiusmodi
365 5368 476 5425 liltertas
490 5372 599 5434 rerixrt,
624 5370 710 5426 sanctl
734 5369 859 5440 Gregorii
879 5366 918 5424 lll
935 5383 1004 5435 aero,
1056 5369 1373 5443 brocbiusidouotdtist.
1389 5369 1527 5426 Gbromn.
1540 5371 1568 5436 5,
1583 5385 1647 5453 pag,
1668 5371 1731 5445 199)
1742 5387 1791 5429 sex
1802 5374 1855 5428 mi-

209 5453 272 5493 crum
285 5454 357 5494 anuo
368 5437 430 5506 tal,
443 5455 491 5495 seu
502 5440 591 5512 polim
601 5441 734 5511 sequenti,
748 5448 841 5496 sancta
853 5454 925 5510 resp.
938 5453 1004 5496 eon-
1055 5441 1161 5498 nimum
1170 5440 1351 5497 hebdomades
1362 5441 1512 5511 exspectari
1521 5457 1694 5498 consuevisse
1706 5442 1855 5498 confirma·

209 5508 305 5563 stituta
317 5518 369 5573 est,
386 5505 480 5592 Graeca
494 5510 634 5637 impietate
655 5510 689 5566 ad
706 5510 733 5566 id
746 5520 868 5583 cogente.
892 5510 1005 5590 lluteea
1057 5510 1159 5593 tionem
1190 5511 1303 5567 decreti.
1331 5510 1380 5580 lit,
1396 5519 1459 5593 post
1485 5510 1646 5594 Gregorium
1672 5527 1751 5569 secus
1777 5512 1850 5569 luit:

212 5587 333 5648 tempora
363 5579 499 5636 ordinatio
544 5590 665 5639 coretum
701 5581 857 5637 liarennam
892 5595 1006 5647 missum
1057 5581 1193 5652 quatridui
1218 5589 1323 5638 tantum
1348 5582 1383 5638 ab
1405 5582 1486 5651 binus
1510 5584 1585 5639 obitu
1604 5583 1688 5638 distat
1712 5581 1856 5641 escun—m

211 5648 385 5726 sequebatur·
392 5647 520 5720 Obsequii
534 5653 718 5725 potiusquam
731 5650 901 5708 necessitatis
913 5664 1005 5717 causa,
1056 5652 1336 5796 ordinatioglfflost
1345 5652 1417 5708 bunc
1436 5651 1595 5709 duodecimo
1603 5663 1778 5709 consecratur
1791 5651 1848 5709 Sto

1290 5763 1297 5786 b

211 5715 451 5788 consensionisque
465 5722 556 5789 potius
579 5738 661 5793 quam
681 5722 896 5778 confirmationis
911 5721 1007 5790 erqui·
1057 5722 1195 5793 phanusll
1312 5719 1452 5780 etPaulus
1470 5723 1626 5792 eruebatcr
1639 5722 1854 5795 interponendo

212 5787 303 5843 rescire
327 5788 414 5858 gratia
427 5788 565 5847 decretum
579 5792 720 5850 electionis
745 5791 919 5848 consueris-se
935 5791 1006 5847 mitti
1058 5799 1198 5851 mendeno
1207 5795 1242 5850 ab
1254 5807 1287 5848 eo
1301 5791 1511 5862 disjungitor'ob
1523 5805 1616 5850 uatum
1628 5796 1757 5862 sebisum,
1777 5791 1858 5865 quod
