4050 6192
130 395 163 449 tl
218 394 296 454 COD.
311 395 445 453 otes-
454 394 601 460 ttosstt,
615 393 702 459 ote,
716 392 872 452 SEUCOD.
888 396 1132 454 GalilOleUS.-
1143 399 1174 454 S.
1190 396 1376 453 tanssatio:
1390 398 1500 455 erist.
1509 429 1542 440 -
1555 398 1671 457 uomt.
1724 400 1760 458 lt

125 512 328 583 exemplaribus
350 527 471 567 canones
491 510 688 566 ecelesiastices
714 510 835 567 moribus
850 510 917 576 sois,
934 518 957 573 Λ
972 512 1124 581 ltojttsmetit
1142 514 1236 568 rivulis
1251 513 1398 584 indigebat,
1418 514 1461 570 cui
1483 512 1572 570 lantes
1634 515 1643 569 i
1664 527 1763 586 preste

126 595 155 639 nt
166 594 227 638 erat
240 581 674 652 planusatnoedisertus,tttagoa
686 580 730 636 ele
749 581 847 637 sentite
861 582 920 636 luce
971 593 1050 637 erant
1066 583 1093 637 in
1108 598 1185 639 sacra
1207 582 1379 647 bibliotheca,
1396 584 1505 652 quosia
1527 586 1600 639 omni
1640 600 1654 639 s
1674 590 1764 645 caesis

124 653 289 724 strumosuit,
301 652 461 719 quesitedic
476 666 526 705 usu
540 650 716 705 celeberrimo
731 595 852 705 {eclesia
869 651 921 706 Re·
969 666 1032 706 eam
1056 653 1154 707 adiisse
1171 668 1221 721 per
1242 667 1305 707 suos
1325 653 1482 708 scriniarios
1504 663 1673 737 compertum
1699 658 1763 718 erit.

124 739 207 778 tttatta
225 721 424 791 eetttplectitur.
441 720 496 776 llos
521 721 603 774 etiam
623 728 730 789 eportet
747 736 795 775 ves
813 720 921 776 assidue
970 722 1061 786 medo,
1080 724 1262 777 recentiorum
1279 723 1505 793 disputationibus
1516 723 1635 789 omissis,
1651 726 1765 797 diligen-

124 795 227 865 legere,
238 807 274 847 ne
286 791 432 847 videamini
447 800 502 845 tem
513 791 566 861 37
576 791 710 845 salomes
724 790 921 846 aeclesiasticos
971 801 1013 846 ter
1026 794 1202 847 consulantur
1212 792 1336 856 concilia,
1350 792 1470 860 epistole
1481 793 1636 862 pontificiae,
1646 803 1675 849 et
1684 803 1765 852 caeto·

125 863 236 935 regulas
248 862 419 930 culpabiliter
427 860 561 932 innotare.
577 861 780 931 tttegmaticmn
800 861 856 925 hir,
863 862 921 916 sive
971 876 1001 914 ra
1022 871 1195 916 monumenta
1210 870 1311 925 vetera,
1330 877 1390 928 eune
1406 863 1476 932 typis
1492 864 1618 917 mandata
1644 874 1764 924 castam.

124 933 257 988 noralem
270 932 370 986 libratu
381 931 489 995 aoitttis,
509 929 724 986 Christianorum
744 929 921 986 informandis
970 929 1008 984 Et
1022 931 1232 1002 Cltristopborus
1247 930 1390 995 tostettts,
1408 946 1525 1001 eumque
1543 934 1630 988 secuti
1650 944 1690 990 tot
1706 937 1764 999 alii,

122 1004 159 1056 tul
173 1003 337 1057 catholicam
351 1000 529 1070 ‹bsciplinam
544 999 920 1069 qualistunccredebatur,n
966 998 1038 1069 juris
1054 1002 1117 1056 licet
1138 1002 1310 1071 peritissimi,
1330 1002 1400 1056 baud
1423 1002 1520 1056 merati
1542 1017 1602 1057 esse
1623 1004 1765 1061 videntart

122 1072 287 1127 Cassiodorus
301 1071 418 1126 «inscribi
439 1079 606 1137 comportato
621 1078 684 1125 est:
699 1070 821 1151 quateris
838 1069 920 1125 alium
970 1070 1069 1140 quippe
1089 1072 1136 1140 qui
1154 1086 1237 1126 onom
1258 1071 1309 1126 sibi
1324 1080 1536 1141 preposuerunt,
1550 1080 1581 1127 ut
1594 1088 1766 1144 praepropere

124 1142 210 1197 mrem
219 1138 810 1212 sibipreposueritlliouysittsSalenttanuut
823 1154 921 1209 nempe
970 1155 1049 1195 soum
1062 1141 1183 1196 codicem
1196 1155 1331 1195 moenum
1347 1141 1521 1212 appingentes
1532 1150 1632 1199 sanan
1642 1144 1708 1207 sedi,
1720 1144 1765 1211 jes

122 1211 282 1283 episeopum
307 1211 502 1266 instituendam
526 1210 561 1265 ati
590 1208 788 1264 ecclesiasticas
814 1208 921 1280 regulas
970 1208 1051 1276 boios
1069 1220 1145 1266 vetus
1157 1210 1318 1274 stabilirent,
1336 1212 1409 1266 sede
1429 1225 1528 1265 norunt
1542 1212 1688 1268 admodum
1706 1213 1765 1270 dis·

120 1291 183 1335 tum
199 1297 260 1350 que
274 1281 302 1335 itt
318 1280 442 1335 conciliis
456 1279 572 1334 decretae
594 1278 710 1344 inerant,
727 1287 783 1333 tum
796 1293 856 1347 que
870 1277 921 1332 mi·
969 1294 1016 1333 cre
1053 1295 1083 1334 re
1097 1281 1281 1334 ostenderent.

121 1367 177 1406 eus
192 1361 276 1405 certe
290 1351 362 1421 apttd
383 1348 526 1403 nonnullos
541 1359 619 1403 crant
641 1348 669 1402 in
690 1350 787 1418 pretio,
804 1358 834 1402 ut
850 1349 921 1403 idem
1032 1348 1087 1403 xit.
1104 1350 1212 1406 Utinam
1226 1349 1365 1404 barbaries
1378 1363 1428 1417 per
1443 1349 1548 1405 ltaliam
1564 1351 1644 1421 longe
1657 1351 1766 1478 iatelpue

123 1432 243 1476 testatur
260 1421 289 1475 ie
304 1420 471 1489 praelatione.
491 1419 653 1489 spostolicae
668 1427 758 1472 autem
779 1418 921 1486 sedique
970 1417 1055 1473 effusa
1076 1419 1196 1473 Romana
1217 1418 1299 1473 etiam
1321 1435 1374 1473 nen
1392 1419 1576 1475 hebetasseti
1613 1422 1688 1476 enial
1730 1439 1766 1479 ea

122 1491 244 1561 regulas,
260 1505 308 1545 seu
324 1505 443 1545 canones
464 1488 523 1544 illes
547 1489 653 1543 nonnisi
672 1497 734 1557 pest
752 1487 805 1541 due
822 1488 921 1542 set-ula
970 1489 1043 1542 euim
1058 1487 1203 1551 scriniarii,
1219 1488 1300 1542 taedio
1316 1487 1406 1543 forsan
1425 1487 1535 1554 laboris,
1551 1490 1577 1544 ni
1603 1489 1680 1555 aller,
1691 1507 1767 1548 eont-

120 1560 251 1631 amplccti
267 1562 358 1629 coepit,
374 1572 461 1629 neque
473 1557 624 1630 Dionysius,
641 1571 727 1626 neque
744 1555 922 1612 Cassiodorus
970 1558 1137 1626 pendiariam
1160 1558 1231 1611 illam
1249 1558 1320 1612 uiam
1342 1574 1357 1611 a
1377 1557 1511 1627 Gregorio
1533 1561 1615 1615 etiam
1635 1559 1668 1616 ΙΙΙ
1690 1578 1768 1619 men·

120 1628 209 1686 tuisse
227 1632 287 1685 usui
305 1629 453 1691 adiruraet,
474 1638 521 1682 aut
545 1627 679 1682 affirmare
699 1637 821 1695 pessunt.
842 1626 922 1681 Falso
970 1632 1094 1691 stratam,
1113 1628 1318 1697 proposuissent
1334 1629 1483 1690 zacharie,
1497 1645 1578 1699 quate
1594 1634 1767 1700 postmodum

119 1700 357 1771 igitnrjmtetus
371 1700 399 1753 in
413 1713 446 1754 et
462 1697 621 1754 collectione
638 1697 776 1752 staatitur.
971 1697 1126 1765 Stephanus
1149 1706 1176 1751 et
1200 1712 1372 1753 soceessotes
1399 1707 1489 1753 terete
1517 1715 1571 1756 nen
1597 1700 1766 1757 dubitarunt.

157 1770 222 1825 XX.
242 1769 298 1826 Nec
312 1768 528 1839 pretereundum
543 1767 615 1836 quod
637 1766 815 1824 Cassiodorus
830 1766 863 1821 de
876 1781 922 1820 ca-
972 1766 1049 1820 llaud
1064 1766 1144 1821 dubie
1157 1782 1215 1822 mes
1226 1771 1353 1837 antiquos
1363 1767 1554 1824 bibliothecam
1564 1772 1724 1827 consulendi
1739 1774 1766 1827 itt

119 1841 243 1895 tionibus
266 1849 372 1894 tantum
397 1839 455 1909 agit
475 1852 482 1892 :
501 1838 650 1894 decretales
669 1837 769 1906 quiippe
792 1837 920 1905 epistolas
936 1856 958 1915 Β
972 1837 1176 1891 desuetudinem
1197 1838 1299 1891 seosint
1319 1853 1373 1893 non
1398 1837 1529 1904 abiisset;
1556 1841 1596 1895 ita
1623 1848 1653 1895 ut
1675 1843 1766 1898 metrii

119 1920 242 1971 constat,
260 1924 276 1964 a
292 1910 423 1991 Dionysio
433 1915 525 1977 postea
539 1906 678 1970 collectas,
694 1915 723 1961 ut
736 1905 844 1962 luliaoo
856 1921 919 1974 pre·
972 1906 1053 1960 unius
1064 1906 1153 1974 spatie
1165 1905 1267 1972 Canen,
1287 1922 1335 1961 seu
1349 1906 1439 1962 Cedet
1452 1922 1468 1963 c
1486 1922 1616 1964 nonumt
1632 1909 1722 1965 Leone
1732 1912 1767 1969 tt

117 1981 226 2050 toytert
240 1981 373 2034 cardinali
386 1992 488 2032 merem
498 1986 616 2049 gereret,
630 1976 709 2046 cnjus
722 1976 839 2030 maxima
854 1987 920 2031 cura
973 1975 1106 2037 laudatus,
1120 1983 1151 2029 ut
1169 1991 1249 2045 supra
1272 1977 1388 2041 aiebam,
1413 1977 1440 2032 in
1462 1978 1506 2058 epi
1592 1994 1651 2033 runt
1667 1982 1766 2045 erosis

116 2060 257 2118 crateuas
271 2050 305 2103 att
324 2048 536 2104 oechsiasticam
559 2047 729 2117 daciplinam
752 2045 921 2116 portiterem
972 2045 1107 2114 rebusque
1118 2045 1151 2099 ad
1162 2045 1330 2114 disciplinam
1339 2047 1537 2114 pertinenttbus
1576 2061 1768 2106 reenusesset

120 2118 361 2241 inquirerebpped
380 2117 524 2189 monystus
538 2117 609 2172 idem
628 2126 754 2171 testatur.
772 2113 837 2182 Quae
857 2130 921 2169 vero
972 2116 1055 2170 usui:
1071 2123 1108 2179 et,
1120 2116 1192 2184 qued
1213 2115 1298 2183 magis
1313 2115 1467 2181 dolendum,
1483 2114 1679 2184 loannesl'ill,
1694 2136 1766 2178 netto

117 2199 162 2242 est
176 2189 267 2254 ejusne
305 2186 466 2251 'collectim
480 2187 584 2257 privata
600 2187 762 2242 anctoritate
783 2185 921 2249 laomen·
970 2184 1247 2250 stoouiodeelioatate,
1264 2186 1458 2241 pensitatione
1474 2186 1556 2242 nitaris
1573 2188 1657 2243 effusa
1672 2205 1767 2247 sante·

117 2274 232 2328 aeque
250 2257 422 2316 bibliothece
443 2256 538 2313 forulis
556 2257 667 2312 eunitae
683 2255 823 2312 excussis?
836 2254 921 2309 Ense·
973 2256 1020 2320 rit,
1032 2255 1177 2309 tlttastasie
1191 2263 1260 2310 teste
1276 2254 1417 2326 (Protin
1436 2254 1516 2310 Ceno.
1533 2257 1595 2314 tlte.
1616 2259 1658 2328 tt),
1676 2269 1707 2314 nt
1721 2270 1768 2320 ra-

120 2328 180 2383 lant
196 2329 262 2384 inde
274 2327 530 2397 sciltcetptmcipute
544 2327 631 2382 sancti
644 2326 742 2391 tentus
788 2325 921 2380 'telnad
972 2340 1058 2380 nones
1078 2327 1226 2380 etdeereta
1242 2325 1333 2382 ettteia
1348 2326 1608 2396 recipereturque
1622 2329 1694 2393 litei,
1710 2347 1765 2385 nte·

119 2399 277 2469 episcopos,
287 2411 315 2452 et
326 2398 462 2468 principes
471 2398 633 2466 conscripta
644 2412 716 2450 anne
728 2394 763 2449 di
782 2436 790 2458 ‚
813 2396 840 2449 in
862 2409 921 2451 ma·
973 2396 1064 2460 ribus,
1089 2402 1244 2464 sattctteque
1264 2395 1336 2450 sodis
1355 2394 1485 2451 institutis
1511 2398 1621 2454 nonime
1640 2400 1768 2455 adversa·

120 2483 174 2538 gna
187 2484 221 2523 ea
236 2469 420 2523 oetttmotieee
432 2469 515 2521 tetius
527 2466 647 2521 Orientis
655 2465 691 2520 ob
700 2466 826 2520 heresim
834 2464 920 2536 Euty·
972 2465 1184 2520 ramesberia
1212 2465 1269 2534 ipsa
1295 2463 1493 2522 bibliothecarii
1521 2468 1676 2536 poetitieem
1701 2470 1768 2525 alle-

117 2538 317 2607 clausisque
332 2537 367 2592 iis
381 2535 621 2592 masticonensi
640 2534 808 2599 Flavianum,
825 2543 921 2590 octava
972 2536 1081 2604 quentis
1098 2533 1235 2604 proferam
1252 2552 1259 2589 :
1277 2554 1289 2586 t
1307 2536 1329 2588 Α
1392 2536 1465 2590 elata
1480 2546 1573 2593 vestro
1594 2539 1765 2603 decernente,

117 2617 148 2662 et
175 2608 284 2663 docinm
309 2607 430 2663 etuniutu
451 2606 627 2662 celeberrima
646 2606 680 2661 de
698 2620 754 2674 oua
774 2606 920 2660 concilium
972 2620 1026 2660 oott
1053 2605 1139 2661 seluto
1156 2604 1216 2659 illes
1238 2606 1310 2660 seles
1382 2621 1499 2661 canones
1521 2606 1640 2663 Ecclesia
1659 2608 1766 2679 recipit,

116 2677 296 2736 teudelasio
307 2678 345 2732 ita
362 2677 482 2731 tlecremt
496 2691 548 2731 nen
562 2676 649 2732 multe
662 2685 725 2730 ante
735 2674 854 2745 Dionysii
873 2674 921 2730 od·
972 2676 1020 2731 sed
1033 2685 1061 2729 et
1077 2688 1172 2730 omnes
1184 2688 1288 2737 eornm,
1302 2672 1357 2756 39
1371 2683 1464 2745 utpote
1481 2674 1600 2744 Spiritus
1612 2678 1711 2735 sancti.
1724 2689 1768 2734 tu-

118 2758 237 2801 rentum
252 2747 388 2802 Romam:
406 2766 416 2798 t
432 2746 514 2814 Cuius
528 2756 629 2801 textum
649 2745 818 2838 puispiamsi
836 2759 921 2814 usqne
971 2747 1079 2809 barura,
1103 2744 1168 2813 otuu
1192 2753 1220 2798 et
1243 2759 1363 2798 otntnum
1385 2745 1496 2800 omnino
1510 2747 1693 2814 probabilium
1715 2748 1767 2803 Pa·

118 2817 156 2870 ad
169 2832 254 2871 uuum
270 2819 325 2873 iota
342 2817 535 2886 disputaverit,
553 2826 581 2870 et
600 2831 655 2870 nen
672 2829 732 2869 eam
751 2816 780 2869 ln
794 2815 921 2869 omnibus
972 2823 1054 2877 trum,
1073 2824 1100 2870 ct
1119 2822 1274 2869 sanctorum
1298 2814 1475 2869 conciliorum
1494 2814 1602 2883 regulas
1619 2825 1646 2872 et
1657 2818 1768 2873 instito-

118 2883 919 2956 retterabiliterreceperinanatbcmasit.»(habitaverunt.
972 2884 1060 2939 tiones
1074 2884 1192 2939 admittit
1209 2883 1268 2938 illas
1283 2884 1423 2949 duntaxat,
1438 2899 1498 2954 que
1519 2900 1569 2941 ttec
1590 2895 1671 2941 recte
1692 2887 1766 2953 lidei,
1810 2924 1812 2927 ψ

118 2967 192 3011 tom.
207 2957 254 3020 tv,
268 2973 330 3028 pag.
348 2956 438 3026 tots).
455 2958 494 3012 tte
512 2955 613 3021 Siricii,
636 2954 796 3018 innocentii,
820 2954 921 3012 celasti
972 2965 1023 3009 trec
1036 2955 1128 3025 probis
1142 2954 1263 3009 moribus
1279 2953 1397 3020 abviant,
1417 2956 1463 3009 sed
1485 2970 1534 3009 eoo
1551 2957 1622 3011 sodis
1639 2956 1767 3014 Rttmattae

116 3025 214 3150 tetrius
231 3043 331 3081 nonam
350 3028 534 3082 tantummode
547 3025 676 3082 collector
692 3024 778 3095 norb)
795 3025 919 3080 decreta·
972 3023 1089 3088 decretis
1099 3025 1132 3077 ad
1151 3024 1286 3079 modicum
1297 3026 1362 3092 euid
1375 3025 1517 3080 resultant.
1531 3045 1540 3076 t
1554 3025 1682 3092 Qtamtts
1694 3028 1768 3082 cuitu

127 3098 195 3151 ‘bes
219 3096 320 3152 litteris
337 3114 352 3151 a
377 3096 536 3153 collectione
551 3094 737 3152 exsulantibus
756 3094 825 3149 oiltil
846 3094 919 3149 dice.
972 3094 1120 3164 supposite
1133 3094 1191 3148 istse
1208 3107 1313 3149 merces
1326 3095 1352 3149 itt
1368 3093 1504 3150 Cattott'em
1522 3095 1615 3152 relatae
1630 3111 1767 3167 nunquam

116 3166 214 3222 Unum
226 3166 254 3221 id
269 3176 359 3223 tacere
373 3182 425 3221 tteu
435 3182 554 3237 possum,
571 3166 643 3236 qued
653 3180 714 3236 oete
728 3164 762 3218 ad
774 3164 920 3219 astrtrcnda
934 3197 957 3262 c
972 3163 1074 3220 luerint
1095 3164 1129 3219 ab
1151 3165 1298 3233 apostoliea
1313 3164 1387 3229 sede,
1409 3174 1474 3220 usus
1489 3175 1579 3220 tamea
1596 3180 1690 3220 earum
1705 3181 1768 3237 per-

116 3237 186 3291 edei
201 3237 337 3307 dogmate,
353 3238 391 3292 ad
409 3236 523 3291 Rotnani
543 3236 679 3306 pontilicis
697 3241 871 3317 potestatem,
885 3234 921 3290 ad
971 3234 1072 3290 meses
1098 3232 1260 3289 altissimum
1282 3234 1378 3289 vulnus
1402 3235 1550 3305 discipline
1566 3234 1676 3302 indixit,
1694 3238 1767 3308 quod

117 3306 253 3361 Ecclesiae
270 3308 405 3362 universae
421 3307 542 3377 regimen
556 3306 630 3362 etad
647 3304 788 3377 pettssima
802 3303 921 3374 discipli·
970 3303 1060 3360 lcrree
1075 3303 1174 3360 seculo
1194 3303 1298 3359 decimo
1314 3303 1468 3374 exputruit,
1491 3320 1541 3361 nee
1561 3307 1612 3362 nisi
1629 3316 1691 3377 pest
1706 3307 1768 3362 tliu-

115 3392 165 3430 nze
181 3385 321 3431 momenta
344 3377 491 3446 pertinent,
509 3391 542 3430 en
559 3378 651 3434 emnia
667 3391 683 3432 a
700 3373 859 3429 collectione
873 3373 921 3429 ab·
970 3381 1051 3429 turno
1067 3373 1186 3430 remedia
1204 3373 1359 3429 cicatricem
1378 3376 1499 3430 obduxit.
1514 3376 1614 3430 Aterno
1633 3387 1766 3446 preterea

113 3455 197 3510 sant,
219 3455 250 3499 ut
264 3445 358 3501 sedule
378 3460 438 3500 eam
460 3446 623 3512 expendenti
636 3446 728 3517 palam
750 3442 807 3498 liet.
830 3442 920 3510 outre
970 3444 1045 3498 dedit
1062 3443 1144 3500 Petro
1158 3443 1192 3499 de
1211 3443 1301 3497 llarea
1325 3450 1353 3498 et
1377 3444 1476 3511 Natali,
1502 3454 1532 3499 ut
1553 3455 1608 3500 tam
1630 3446 1714 3501 multa
1732 3448 1767 3502 de

116 3517 296 3571 doaissitnes
319 3514 378 3571 illos
394 3515 468 3570 vires
487 3514 630 3571 lustellum
655 3527 683 3570 et
701 3523 817 3569 tatteres
839 3513 922 3569 cellc-
965 3511 1029 3582 lure
1041 3514 1124 3569 veteri
1141 3522 1168 3568 et
1181 3528 1251 3569 novo
1265 3521 1342 3567 extra
1357 3514 1443 3568 aleam
1453 3515 1630 3585 disputarent.
1644 3516 1765 3584 Quorum

114 3587 245 3640 nimum
267 3585 451 3654 ittgeniumae
473 3585 553 3640 stnem
566 3594 705 3642 assecutos
725 3599 779 3637 nen
799 3598 860 3639 esse
874 3584 919 3637 sit
969 3582 1163 3639 emniamlens
1175 3591 1217 3638 est
1231 3582 1344 3653 epistola
1358 3584 1416 3640 bec
1431 3584 1578 3652 zacharie,
1591 3588 1765 3657 quantmede

117 3655 297 3710 crediderim.
314 3655 352 3710 [le
366 3655 473 3726 ingenie
483 3654 528 3725 otti
549 3671 582 3724 pe
598 3655 749 3712 luculenter
757 3652 920 3709 Cresconius
969 3653 1112 3721 subjiciam
1128 3655 1249 3709 omnium
1262 3652 1358 3709 oculis.

118 3724 253 3780 hiberiae
267 3730 405 3796 episcope,
417 3727 462 3780 ubi
474 3726 513 3780 ait
528 3669 696 3780 Ferendum
710 3737 790 3793 qttcm
805 3725 862 3793 ipse
877 3738 920 3778 se·
1004 3723 1099 3778 xxttt.
1110 3724 1150 3777 Ex
1164 3724 1292 3778 brevibus
1305 3722 1392 3800 cidem
1409 3725 1480 3779 netis
1498 3727 1627 3796 appositis
1639 3728 1716 3799 plora
1732 3728 1765 3784 iis

117 3797 227 3863 notter,
247 3813 258 3846 t
276 3794 463 3858 indoctorum,
480 3810 596 3864 ouemm
609 3803 652 3851 est
667 3794 785 3849 maxima
801 3793 920 3848 multitu-
969 3799 1122 3874 suppetent,
1136 3807 1197 3861 qttte
1210 3791 1276 3846 milti
1288 3793 1344 3846 visa
1359 3801 1422 3846 sont
1435 3797 1636 3863 praemonenda.
1651 3797 1708 3852 hue
1720 3798 1766 3854 bio

117 3865 164 3928 do,
180 3866 210 3919 itt
222 3864 317 3919 eadent
327 3880 409 3935 opere
419 3865 538 3921 studium
552 3866 692 3935 probatur,
704 3873 735 3918 ut
745 3863 783 3917 ita
792 3863 918 3929 dixerim,
969 3863 1106 3931 amiciam,
1120 3876 1234 3931 quorum
1244 3862 1483 3930 unumpateiaciet
1501 3863 1674 3920 collectionis
1685 3883 1765 3923 ustmt

117 3944 310 4003 sequestrasse
312 3974 368 3989 .....
381 3951 413 3990 ea
426 3934 583 3990 condiscere
595 3935 746 3990 valentibus
759 3941 787 3987 et
803 3933 919 3988 volenti·
968 3932 1124 3989 aostolicae
1141 3930 1213 3986 sodis
1226 3930 1341 3986 decretis
1359 3932 1530 3988 adversantia
1553 3937 1764 4017 suppeditasse:

18 3995 19 4016 ¹
118 4003 172 4058 bus
186 4003 368 4060 dubitationis
381 4007 522 4075 ambagem
538 4005 656 4069 auterre,
672 4014 701 4060 ut
723 4018 817 4058 eorum
839 4004 918 4073 plena
997 4010 1085 4057 terum
1111 4014 1177 4056 vero
1208 3999 1343 4070 opinionis
1373 3999 1510 4058 Sirmendi
1537 4002 1682 4060 laisttntem
1709 4022 1766 4060 ma-

118 4073 268 4129 instructio
281 4075 540 4130 nenexdilllcnltate
552 4074 701 4144 scriptoris,
713 4073 761 4129 sed
771 4087 805 4128 et
815 4072 918 4128 desidia
969 4072 1012 4143 gis
1028 4072 1167 4143 magisque
1181 4069 1314 4127 ostendet.
1340 4068 1433 4126 Primo
1454 4072 1536 4140 igitur
1547 4073 1643 4131 Frattci
1668 4084 1765 4145 regant

115 4141 175 4209 iam
199 4143 353 4213 maest
375 4143 486 4199 lectoris
487 4183 543 4198 .....
563 4143 695 4215 probabili
719 4143 919 4198 examinatione
969 4157 1030 4212 cap.
1045 4142 1075 4197 ll
1097 4160 1104 4198 ε
1123 4140 1198 4210 «Qui
1213 4139 1304 4195 elerici
1324 4141 1407 4195 edam
1427 4141 1462 4196 ab
1481 4144 1611 4200 uxoribus
1627 4145 1766 4201 abstinere

118 4228 173 4268 een
183 4214 274 4279 lineat,
291 4223 383 4269 utrum
396 4231 428 4268 et
450 4216 603 4279 severitate,
617 4230 651 4269 nu
664 4229 698 4269 es
713 4211 824 4267 leuitate
839 4229 918 4269 suum
968 4211 1396 4280 dcoeanuttteponttztctarias
1406 4212 1761 4271 aunonutecannteet:

118 4283 245 4406 metum
263 4284 361 4339 &beat
386 4285 521 4340 moderari
547 4284 618 4339 liiii.
641 4294 690 4339 tet.
704 4282 745 4348 t,
760 4290 825 4354 tom.
843 4281 870 4348 i,
889 4298 916 4353 p.
971 4282 1152 4405 tlhpismpes,
1167 4283 1350 4407 pres'lplyteres,
1363 4281 1602 4409 diaeieeuesgebere
1613 4286 1764 4411 supponere,l

190 4372 226 4407 .t
968 4367 1100 4408 atesnett
1115 4367 1148 4408 ce
1167 4368 1212 4404 t.»
1265 4366 1405 4406 verorum
1450 4367 1495 4408 cre
1541 4369 1606 4410 sane
1711 4370 1729 4409 e

154 4353 297 4494 38¹st
317 4423 356 4478 Et
368 4424 470 4494 quibus
480 4438 534 4479 uon
547 4424 663 4480 obscure
675 4429 765 4495 patet,
779 4421 918 4479 collonie-
965 4433 1086 4503 pugnat,
1108 4366 1166 4492 (ptrig
1173 4428 1288 4476 exeunte
1305 4431 1384 4478 serm
1399 4423 1499 4478 tecue
1515 4363 1712 4481 coronati&
1726 4426 1765 4480 io·

117 4508 169 4547 ses
179 4508 279 4576 onnes
288 4494 421 4576 usquead
430 4504 556 4577 matum
567 4494 696 4577 Ecclesiae
703 4493 831 4548 saeelum
841 4493 916 4564 (aaut
930 4503 1094 4604 ¹›turraterat
1113 4492 1195 4573 etiam
1214 4490 1386 4573 subdiaconis
1403 4507 1454 4575 per
1474 4501 1561 4576 toturn
1579 4493 1764 4579 Occidentem.

116 4561 918 4715 {miseseriisstal‘itttttts
969 4561 1766 4717 it,tilletsistitetittititltlttf‘ltt

117 4714 228 4758 taem
246 4706 433 4768 eettttnebaot,
449 4705 585 4774 publicam
602 4706 748 4760 utilitatem
770 4710 916 4774 spectasse,
969 4704 1066 4760 suntlis
1082 4703 1160 4772 culpa
1174 4709 1351 4772 constringo,
1363 4704 1398 4756 alt
1410 4700 1501 4758 allicio
1513 4719 1563 4759 sue
1580 4704 1766 4759 irrevocabili·

117 4789 154 4830 ae
171 4774 287 4844 monte
301 4774 408 4828 illarum
423 4776 505 4830 linem
522 4774 605 4831 luisse
620 4773 825 4830 instructionem
840 4773 917 4839 oleri,
970 4781 1011 4828 ter
1025 4774 1150 4843 depositi,
1164 4770 1338 4854 interitione
1349 4775 1566 4854 commonionem
1586 4774 1733 4844 accipiant.
1751 4791 1763 4825 t

115 4855 147 4898 et
166 4858 395 4914 quorumcunque
416 4844 650 4927 lltlclium3Cujus
676 4846 714 4900 rei
736 4843 917 4925 locupletissi3
968 4843 1035 4897 ltctu
1050 4844 1227 4927 metropolus
1241 4840 1431 4965 bledtelpeenst
1447 4859 1455 4924 ².
1475 4863 1484 4894 t
1501 4844 1626 4899 similiter
1639 4844 1765 4925 etiamtct

116 4914 917 5066 ”swan
969 4913 1765 5065 ts.setosaeavttttrsaateraa

118 5054 271 5125 Propterea
292 5056 321 5110 itt
342 5054 411 5126 ipsis
431 5058 581 5120 canentbus
596 5055 685 5125 aliqua
707 5053 919 5122 simpliemrtbtts
968 5069 1030 5110 esse
1048 5053 1138 5109 eiiicie
1160 5070 1167 5107 a
1186 5054 1284 5123 qntltus
1301 5051 1369 5106 ethtl
1390 5051 1463 5107 altnd
1485 5070 1567 5124 quant
1587 5054 1659 5108 ieter
1679 5052 1764 5108 laicos

117 5126 267 5180 utebantur
278 5127 394 5180 obscura
409 5143 416 5179 :
432 5125 493 5180 ideo
509 5126 596 5180 visunt
608 5134 660 5190 est,
671 5133 701 5179 ut
714 5139 777 5179 oum
792 5123 865 5179 etaui
877 5123 919 5178 di·
969 5139 1046 5178 sacra
1057 5132 1100 5178 est
1112 5123 1257 5193 prebenda
1273 5122 1437 5178 commuuio.
1453 5123 1655 5194 tPugnantiam
1673 5123 1764 5192 buius-

117 5195 236 5267 itgeatia
254 5205 283 5252 et
300 5211 333 5250 ea
345 5210 407 5264 neto
420 5211 470 5266 per
487 5198 663 5251 translatores
682 5195 825 5250 obscenius
845 5194 917 5248 dicta
968 5194 1042 5249 medi
1065 5193 1192 5248 cotteiliat
1216 5192 1410 5247 Thornassinus
1450 5193 1542 5266 Benei.
1568 5194 1587 5247 l.
1612 5208 1649 5256 tt,
1672 5208 1698 5248 e.
1717 5193 1762 5256 65,

117 5275 358 5336 ementesque
373 5280 425 5335 per
439 5267 587 5337 scriptores
599 5275 662 5321 suat
683 5265 834 5327 immutata,
850 5263 916 5317 sitn-
969 5263 1061 5336 niti)
1077 5264 1236 5333 aiens,pnst
1253 5277 1338 5318 annes
1353 5262 1413 5327 lto,
1456 5264 1554 5335 rogerii
1566 5265 1704 5319 decretum
1718 5263 1763 5318 atl-

117 5336 223 5404 plinius
245 5346 274 5391 et
297 5335 468 5391 emendatius
485 5347 678 5392 restaurarem.
694 5334 721 5389 ld
738 5337 856 5405 primurn
870 5333 918 5388 ob·
970 5335 1024 5389 buc
1037 5331 1187 5399 vacillasse,
1209 5343 1237 5388 et
1259 5347 1355 5401 param
1369 5341 1526 5389 cettstanter
1540 5341 1675 5391 sett‘ttlutu
1690 5347 1761 5388 esse.

117 5422 248 5470 servans,
270 5415 301 5461 ιιι
321 5405 366 5460 illa
390 5419 453 5473 quse
473 5407 507 5461 ad
527 5408 678 5477 episcopos,
703 5406 746 5460 rel
762 5404 918 5459 universum
969 5404 1005 5459 tt
1020 5405 1090 5458 betta
1110 5418 1171 5457 cunt
1190 5400 1248 5471 cios
1266 5403 1345 5457 venia
1368 5418 1422 5456 een
1443 5404 1587 5459 vacillabat
1606 5402 1762 5470 decretum

117 5477 227 5531 derttnt
241 5475 393 5546 peninent,
409 5492 462 5530 una
479 5477 508 5531 in
523 5486 601 5547 parte
616 5475 768 5546 eooscnpta
787 5475 861 5529 sint:
879 5475 919 5528 si·
971 5473 1080 5529 inducta
1093 5473 1217 5528 cellectio
1229 5470 1381 5541 hujusmodi
1396 5474 1533 5528 contraria
1549 5473 1656 5527 decreta
1668 5487 1762 5544 suppo

117 5545 225 5602 militer
249 5556 349 5617 amre
364 5551 398 5601 ad
420 5546 503 5603 laicos
523 5550 675 5618 pertinent,
697 5545 778 5601 situel
801 5543 857 5600 sint
874 5544 919 5598 ad
970 5544 1083 5599 ditabat.
1096 5543 1126 5597 Et
1136 5543 1187 5597 nisi
1198 5543 1281 5597 etiam
1295 5543 1351 5610 ipse
1366 5541 1510 5599 sirmondo
1521 5542 1658 5599 habuisset
1670 5543 1762 5608 fidem,

117 5617 302 5673 enswalde
312 5631 408 5686 oeeea
428 5617 496 5672 'tulo
509 5615 821 5687 scirealiqnisvoloerit,
834 5613 917 5682 possit
971 5630 1028 5669 rent
1046 5629 1141 5669 novam
1158 5628 1173 5667 a
1188 5612 1318 5668 Zacharia
1332 5610 1447 5681 prolerri
1462 5612 1592 5669 sensisset
1609 5613 1764 5684 apenottee

117 5685 243 5743 oelorios
264 5688 386 5743 inrenire
416 5688 517 5756 babbe,
538 5687 699 5746 denotem.
717 5687 767 5750 tt,
783 5701 809 5756 p.
826 5683 916 5753 leitil.
970 5684 1029 5739 setli
1046 5683 1221 5744 contrariare,
1237 5684 1300 5753 quia
1312 5682 1420 5806 primus
1436 5683 1556 5740 deseruit
1574 5684 1645 5740 vitm
1661 5700 1677 5738 a
1694 5700 1764 5755 pre-

119 5756 191 5811 tm
213 5756 335 5827 prom
347 5773 430 5814 musa
445 5768 489 5814 est
502 5775 552 5815 car
565 5757 666 5814 nubam
682 5770 816 5812 canentum
837 5754 919 5809 eolle-
970 5754 1157 5811 decessoribus
1184 5753 1286 5806 tritam.
1333 5749 1427 5807 ermde
1453 5768 1514 5811 csse
1543 5753 1621 5812 niteo
1641 5754 1675 5810 de
1699 5769 1762 5810 eae.

118 5826 243 5884 aionem
260 5837 361 5885 uncte
375 5829 433 5886 sedi
452 5828 570 5886 obhtaut
582 5828 674 5886 ridere
688 5828 750 5886 erit.
767 5825 826 5884 lion
844 5826 919 5883 eninr
971 5835 1057 5895 apest.
1078 5825 1125 5892 et,
1150 5823 1268 5894 reposito
1288 5823 1480 5883 consultationi
1505 5824 1547 5883 t&
1568 5845 1579 5880 t
1597 5823 1648 5894 otti
1669 5822 1762 5883 dorici
