4050 6192
146 372 193 428 tlt
259 368 331 428 COD.
351 367 490 424 statutt.
508 398 545 410 -
562 366 710 436 stulttia,
731 368 820 436 ETC„
842 367 908 424 SEU
927 367 1044 425 CODEX
1062 368 1269 429 caueamus.
1290 403 1326 414 ·-
1344 372 1448 431 LIBER
1464 372 1640 431 causatu.
1722 380 1773 439 lis

146 489 179 543 rit
193 487 295 548 baleae,
311 484 436 541 uidelicet
449 500 540 539 aream
558 494 586 541 et
605 487 701 554 altare,
714 502 746 543 eu
769 503 823 558 quo
834 478 929 560 pulsass
941 511 964 566 Α
977 489 1081 561 puralia
1094 509 1174 565 super
1186 494 1294 559 calices,
1310 503 1338 552 et
1360 498 1529 567 manutergia
1553 498 1586 552 dc
1609 495 1772 561 alamannia,

146 568 186 613 tur
204 557 236 611 ad
250 556 404 619 matutinas,
428 556 579 624 usquedum
599 557 694 613 linitur
706 556 838 625 odicium
853 568 881 614 ct
892 575 926 614 ex
978 571 1005 617 et
1017 561 1097 632 pallia
1112 579 1194 634 super
1208 581 1234 621 u
1250 566 1311 622 libr.
1325 567 1533 629 affortiatorum,
1553 582 1606 637 quc
1627 566 1661 620 ad
1686 565 1773 620 altare

146 642 192 698 quo
203 627 321 697 pulsatur
334 627 369 681 ad
381 627 491 682 missam
504 642 590 697 usquc
602 628 635 682 ad
648 627 729 683 sanem
746 630 836 694 misse,
852 630 927 685 salvo
977 632 1139 699 oaerrmtm,
1150 636 1196 690 dni
1207 651 1274 706 pape
1285 645 1358 693 sunt.
1374 636 1466 692 Altare
1477 647 1577 701 autem,
1589 651 1650 692 cum
1661 649 1774 690 neeesse

142 699 196 768 jare
209 706 355 760 cantorum,
376 698 448 764 quod
464 698 562 752 lrabeat
576 699 602 753 in
616 698 695 754 altari
714 714 775 755 cum
788 700 924 770 episcopo.
977 701 1068 767 luerit,
1085 712 1140 761 tres
1157 707 1247 762 trabes
1260 707 1287 761 in
1308 707 1369 762 nari
1383 708 1497 778 singulis
1510 709 1589 763 annis
1603 706 1729 768 mutabit,
1746 712 1774 758 et

146 766 296 824 ludielotis
310 768 398 823 sancti
409 783 444 822 es
459 767 647 839 quapulsatur
660 771 693 824 ad
704 768 822 827 officium
837 779 926 825 matu-
976 788 997 828 tt
1018 775 1065 830 dn.
1084 790 1147 845 pap.
1170 790 1220 845 pro
1239 778 1401 833 victualibus
1423 780 1560 849 magistris
1583 777 1671 832 sancti
1688 775 1772 840 Petri,

146 837 227 901 tinale,
240 846 268 892 et
278 838 312 893 ad
332 836 442 893 missam
464 852 550 907 usque
568 840 602 895 ad
616 838 695 894 linem
710 838 869 903 ciliciorum,
887 840 926 895 si·
976 859 1038 899 cum
1060 846 1088 899 in
1109 847 1166 915 ipsa
1176 847 1289 902 ecclesia
1303 858 1460 917 operantur,
1475 850 1560 904 dabit.
1573 849 1676 902 Bonum
1691 846 1772 900 etiam

144 910 243 965 mildel-
261 908 290 966 ΙΙ]
305 908 349 963 die
368 915 463 963 sancio
480 909 601 971 Ventris.
616 910 750 966 simililer·
769 910 798 965 lu
812 912 926 966 sabbato
975 916 1118 983 prandium
1132 916 1207 972 dabit
1221 918 1359 973 canonicis
1380 921 1467 974 sancti
1486 919 1570 984 Petri,
1587 932 1648 974 cuna
1672 915 1772 970 luerint

144 988 226 1035 sancto
238 994 270 1033 es
290 992 344 1047 quo
359 979 482 1047 pulsatur
494 980 529 1034 ad
549 978 666 1035 cilicium
680 981 839 1036 matutinale
851 990 878 1036 ct
891 996 925 1036 ex
977 994 1034 1039 tota
1055 994 1135 1041 nocte
1157 987 1185 1042 in
1210 988 1309 1059 uigiliis
1322 988 1471 1058 palleorum
1496 989 1610 1045 Romani
1622 985 1768 1057 pontilicis,

143 1065 190 1120 qno
205 1048 326 1120 pulsatur
345 1049 380 1102 ad
405 1047 523 1104 cilicium
548 1051 709 1120 baptismale
733 1064 812 1107 nocte
830 1058 858 1106 et
882 1051 926 1106 die
975 1055 1207 1124 patriarcharum,
1231 1059 1511 1130 archiepiscoporum,
1540 1066 1568 1113 et
1593 1057 1768 1126 quorumdam

143 1129 286 1190 totausque
310 1118 345 1173 ad
364 1118 444 1173 linem
456 1120 540 1174 misso
561 1120 671 1189 majoris
684 1123 710 1176 in
727 1122 811 1177 Pasca
827 1122 926 1176 babeat
975 1125 1173 1196 episcoporum,
1193 1144 1247 1198 que
1272 1131 1398 1199 quotiens
1420 1145 1530 1185 necesse
1554 1127 1644 1189 luerit,
1663 1126 1768 1195 parabit

140 1188 178 1259 jas
189 1205 274 1245 suum.
288 1188 403 1256 Quando
422 1190 467 1244 dn.
487 1205 554 1260 papa
571 1206 625 1245 non
639 1193 719 1247 estin
733 1193 811 1255 urbe,
823 1192 926 1247 bostia—
974 1195 1050 1265 prior
1059 1197 1179 1262 basilice,
1195 1208 1298 1255 etcum
1315 1200 1438 1256 diaconis
1451 1199 1634 1255 cardinalibus
1648 1197 1768 1251 intererit

142 1259 184 1314 riis
202 1260 299 1313 alantur
317 1275 355 1314 ιιι
379 1259 424 1314 du.
438 1274 499 1328 pap.
513 1276 561 1330 per
576 1261 696 1330 singulas
709 1262 882 1326 ebdomadas,
898 1267 926 1316 et
976 1265 1076 1322 dationi
1089 1268 1173 1337 ipsius
1187 1269 1268 1338 pallei
1283 1283 1309 1325 ι.

142 1329 309 1385 indominica
323 1329 465 1399 depalans
483 1346 503 1385 ιι
515 1330 566 1385 sot.
583 1340 611 1386 et
630 1333 657 1386 in
669 1332 782 1402 siugulis
796 1330 926 1387 testivita-
1186 1374 1319 1416 mmws
1337 1377 1364 1416 m
1384 1376 1451 1417 „W
1472 1376 1542 1416 nom

142 1398 204 1454 tibus
216 1406 308 1454 sancte
322 1398 404 1454 liar-ie
423 1415 503 1453 unam
521 1415 593 1465 cere,
609 1400 731 1457 belnam
749 1417 798 1471 pro
821 1400 924 1457 facien·
1425 1402 1452 1456 ,’
1528 1398 1555 1415 ”

140 1469 176 1524 dis
186 1468 279 1526 cercis.
293 1469 394 1525 Sancto
408 1468 491 1524 Laus.
506 1470 540 1524 de
548 1470 650 1552 palatio
664 1472 745 1527 datur
758 1486 806 1542 per
824 1486 924 1526 unum-
1011 1464 1203 1522 llonasterium
1231 1468 1261 1524 S.
1284 1469 1361 1525 Pauli
1385 1486 1482 1540 panem
1505 1485 1555 1540 pro
1582 1483 1697 1538 persona
1724 1467 1771 1549 ιἰιί

141 1554 265 1607 quemque
279 1540 572 1608 mensemtaquuricra
583 1541 646 1605 olei,
661 1540 782 1596 ettlibr.
799 1541 838 1605 dc¹
849 1557 924 1604 cera.
974 1550 1054 1660 gups
1089 1537 1218 1594 Canonici
1252 1540 1450 1595 Laterauenscs
1484 1540 1617 1595 similiter.
1650 1538 1771 1593 Ecclesia

140 1618 162 1662 et
173 1609 311 1664 dimidium
326 1610 359 1665 de
376 1609 494 1665 olibano.
507 1610 619 1677 Quaado
629 1612 690 1666 dns.
704 1626 774 1681 papa
823 1611 874 1682 rqit
890 1612 924 1667 ad
998 1646 1005 1659 ·
1022 1606 1105 1662 Marci
1120 1625 1136 1663 x
1150 1608 1199 1663 sul.
1215 1609 1262 1664 dn.
1277 1626 1340 1679 pap.
1356 1625 1406 1680 pru
1418 1626 1517 1671 massa,
1533 1624 1615 1677 quam
1637 1623 1705 1679 papa
1718 1607 1771 1662 Ce-

139 1687 252 1733 sanctum
276 1678 388 1733 Petrum
414 1679 440 1733 in
465 1681 626 1736 stationibus
647 1699 683 1737 ιι
702 1681 753 1737 sol.
797 1698 838 1737 ns.
873 1697 923 1751 apa
975 1675 1090 1731 lustinus
1100 1678 1124 1733 ei
1136 1680 1281 1735 concessit.
1294 1680 1415 1735 Ecclesia
1428 1680 1458 1734 S.
1475 1680 1548 1734 Petri
1563 1695 1609 1733 ιι.
1635 1682 1685 1733 sot.
1700 1677 1769 1731 lucc.

140 1748 220 1811 babet,
234 1756 260 1803 et
278 1750 349 1804 duas
362 1750 515 1820 aquaricias
532 1751 565 1806 de
586 1751 705 1822 potione.
732 1751 766 1805 Et
792 1697 923 1821 capcdlaai
975 1745 1096 1803 Ecclesia
1108 1748 1137 1802 S.
1151 1749 1274 1806 Susanna
1286 1766 1369 1805 unum
1383 1750 1520 1813 sellatum,
1531 1759 1559 1805 et
1569 1764 1654 1803 unum
1665 1748 1770 1802 morab.

139 1833 192 1873 tutu
214 1819 297 1875 suciis
312 1820 368 1875 suls
385 1820 557 1875 medietatem
583 1822 678 1878 altaris
697 1836 729 1878 ex
752 1836 809 1892 quo
822 1822 923 1876 tubalia
940 1816 1015 1913 ¹3lili
1029 1819 1074 1886 qui
1091 1826 1184 1874 tenent
1199 1821 1297 1875 turrim
1313 1821 1340 1875 in
1363 1821 1452 1890 capite
1465 1822 1555 1891 pontis
1568 1818 1714 1900 iudeorum
1729 1833 1770 1871 ιιιι

139 1889 283 1944 manditur
295 1905 378 1960 super
391 1890 486 1945 altare.
499 1890 657 1947 cardinales
676 1891 756 1948 ascl.
772 1892 879 1961 papien.
896 1893 924 1946 in
976 1886 1022 1941 dn.
1036 1903 1098 1960 pap.
1107 1889 1228 1945 Ecclesia
1242 1890 1272 1945 S.
1289 1891 1376 1961 Egidii
1393 1907 1454 1945 cum
1481 1889 1606 1958 hospitali
1622 1889 1673 1944 sita
1694 1886 1772 1955 liuta

139 1959 244 2014 statione
254 1959 367 2015 babent.
383 1959 514 2017 Castores
530 1963 638 2031 quando
650 1971 762 2018 cantant
783 1975 926 2031 responso
976 1957 1113 2013 civitatem
1128 1960 1292 2015 Leonianam
1315 1977 1349 2015 ιι
1373 1961 1423 2016 sol.
1438 1960 1635 2015 albartiatorum
1655 1962 1681 2014 iu
1703 1958 1773 2011 lesto

138 2029 199 2082 rium
222 2028 248 2083 ia
264 2044 393 2086 ammone
418 2046 485 2085 avan
500 2031 561 2087 dns.
574 2047 620 2103 pp,
639 2032 668 2087 ln
683 2033 788 2089 Pascha
801 2033 835 2087 de
851 2033 925 2088 mad.
976 2027 1005 2081 S.
1017 2027 1134 2084 dnrlree.
1149 2031 1268 2086 Ecclesia
1283 2029 1312 2085 S.
1324 2030 1454 2085 Praxedis
1464 2045 1547 2085 urium
1571 2029 1706 2084 sellatum.
1721 2028 1773 2082 Ec·

138 2099 196 2153 duas
208 2100 364 2168 aquaricias
378 2101 411 2156 de
424 2101 533 2170 potione
545 2101 605 2157 dns.
620 2117 689 2173 papa
701 2104 783 2158 babet
795 2102 829 2157 ad
842 2103 925 2158 Late·
976 2096 1058 2152 clesia
1074 2098 1103 2153 S.
1119 2099 1246 2156 abbaciri
1260 2117 1270 2156 ι
1285 2102 1390 2156 morab.
1417 2100 1514 2156 Petms
1534 2100 1605 2154 latro
1626 2114 1646 2153 u
1665 2099 1770 2153 morab.

138 2169 268 2223 ranamd
283 2169 355 2225 sesto
365 2171 451 2225 sancti
463 2169 585 2241 Gregorii
602 2173 733 2243 usquead
745 2172 925 2228 Pentecosten
975 2182 1026 2237 pro
1036 2176 1126 2224 castro
1139 2185 1210 2226 cere.

137 2254 290 2309 ultumoque
309 2241 354 2295 (de
367 2256 406 2294 ιιι
420 2241 480 2295 dns.
495 2257 540 2312 pp.
555 2242 652 2300 dantur
668 2242 731 2298 dno.
750 2257 829 2313 pape.
843 2242 872 2297 ln
885 2242 926 2297 le-
1011 2237 1040 2292 ln
1054 2239 1210 2309 episcopatu
1233 2238 1389 2295 albanensi.
1418 2240 1538 2295 Ecclesia
1562 2240 1592 2296 S.
1616 2238 1714 2295 lloaati
1738 2237 1772 2291 ric

138 2309 210 2364 taralis
222 2309 372 2379 majoribus
386 2327 458 2366 ιιιιι
472 2311 534 2367 libr.
548 2313 618 2367 lucc.
634 2329 684 2382 pro
696 2314 788 2384 prbrio
803 2313 924 2369 crucium
977 2308 1137 2364 maritimist
1149 2311 1253 2363 morab.
1268 2310 1407 2379 llospitale
1416 2312 1450 2366 dc
1460 2311 1587 2365 Cantaro.
1597 2327 1607 2366 ι
1619 2312 1681 2365 libr.
1695 2323 1769 2363 cere.

136 2380 318 2462 cpiscoporum
340 2381 527 2443 cardinalium,
541 2391 569 2437 et
584 2381 661 2439 lectis
684 2393 712 2439 et
731 2383 813 2438 lobio.
827 2382 869 2437 dd
881 2382 926 2436 lo·
1011 2376 1041 2431 ln
1054 2380 1210 2449 episcopatu
1231 2379 1384 2436 Por-tuensl.
1404 2382 1502 2437 Petrus
1521 2381 1605 2436 latro
1625 2396 1645 2437 n
1666 2378 1770 2434 morab.

136 2450 241 2505 minans
252 2459 319 2505 ante
332 2451 418 2506 altare
429 2452 500 2507 beati
514 2452 588 2508 Petri
599 2468 649 2508 ιιιι
662 2453 774 2509 candele
786 2461 814 2507 et
824 2453 851 2508 in
865 2467 926 2508 cor-
974 2459 1025 2518 ριο
1038 2458 1128 2503 castro
1142 2466 1215 2505 cere.

136 2533 194 2587 pore
208 2536 256 2576 ιιιι
283 2521 329 2577 die
341 2529 486 2591 noctuque.
506 2520 536 2577 ln
555 2538 716 2593 unoquoque
735 2523 860 2593 capitello
871 2537 924 2577 rtna
1011 2517 1040 2571 ln
1055 2518 1173 2575 llarcbla
1190 2528 1219 2575 et
1236 2520 1336 2576 ducatu
1348 2519 1502 2592 Spoletano.

136 2589 239 2646 candela
256 2592 432 2651 accendatur.
447 2608 496 2662 per
509 2599 592 2648 mtam
608 2603 724 2656 noctem,
740 2594 826 2648 donec
841 2592 926 2649 missa
1011 2588 1040 2642 lu
1052 2587 1262 2660 Seuogalliensi.

136 2657 236 2715 laniatur
252 2678 258 2714 :
272 2659 305 2715 ln
319 2662 480 2717 stationibus
495 2660 522 2717 in
544 2678 642 2733 magno
655 2662 780 2734 capitello
797 2679 838 2719 un
852 2669 880 2716 et
898 2662 926 2717 in
1011 2657 1041 2712 lu
1055 2656 1235 2721 anconitano.

136 2730 250 2799 capitello
264 2731 363 2787 minori
378 2747 439 2787 cum
461 2731 637 2802 porticalibus
651 2751 692 2789 ιιι.
705 2732 734 2789 lu
753 2740 812 2788 rete
831 2749 881 2788 ιιι.
895 2732 924 2787 ln
1010 2726 1040 2781 ln
1054 2726 1197 2785 Oximauo.
1211 2730 1340 2786 Homines
1352 2730 1452 2786 montis
1465 2730 1493 2785 S.
1505 2729 1579 2786 Petri
1590 2744 1621 2784 ut
1637 2728 1687 2784 sol.
1700 2728 1768 2784 lucc

135 2794 404 2869 sarsenatae
435 2803 831 2872 leronicamdic,noctuque
859 2818 923 2857 tuta.
974 2795 1095 2852 Ecclesia
1110 2799 1138 2853 S.
1152 2800 1227 2856 Petri
1238 2799 1357 2869 ejusdcm
1371 2801 1422 2857 loci
1437 2816 1456 2855 u
1471 2801 1521 2855 sol.
1653 2869 1660 2882 ι

134 2867 160 2922 ln
175 2880 266 2927 sancto
288 2872 421 2927 Pmoessu
435 2873 479 2927 die
500 2881 636 2943 noctuque
650 2891 670 2929 1.
688 2872 717 2928 ln
733 2881 827 2928 sancta
840 2871 925 2927 llario
1006 2867 1040 2924 la
1055 2866 1170 2924 Numan.
1183 2870 1303 2927 Ecclesia
1314 2870 1344 2926 S.
1359 2871 1470 2926 Fabiani
1485 2871 1519 2927 dc
1530 2871 1660 2925 llacanatr
1673 2884 1710 2923 ιιι
1722 2868 1769 2922 dn.

135 2937 165 2994 de
184 2939 319 2997 Cancellis
338 2942 365 2995 ia
390 2949 468 2997 nocte
480 2959 500 2997 ι.
516 2941 544 2997 ln
568 2943 698 2999 Vaticano
720 2944 747 2998 in
769 2949 849 2997 nocte
860 2959 881 2998 ι.
895 2941 925 2999 ln
1010 2936 1040 2992 ln
1053 2938 1174 2995 Firmau.
1194 2941 1333 3013 Hospitale
1350 2942 1385 2997 dc
1400 2956 1469 3012 aqua
1483 2949 1576 2996 saneta
1599 2956 1637 2995 ιιι
1662 2940 1769 3011 podien.

135 3020 218 3066 uncta
230 3010 323 3066 Cures
338 3011 365 3066 in
380 3020 460 3068 nocte
471 3029 492 3067 ι.
510 3011 539 3066 la
561 3024 655 3069 sancta
670 3012 753 3069 Lucia
768 3012 796 3068 ln
808 3021 888 3068 nocte
903 3028 923 3068 ι.
974 3020 1025 3078 per
1036 3022 1147 3065 annrrm.

135 3078 197 3135 late
207 3081 369 3138 crucifixum
388 3083 416 3136 iu
430 3091 508 3138 nocte
522 3099 553 3137 u.
565 3083 596 3139 la
610 3084 685 3154 virga
700 3100 742 3148 ru,
766 3083 795 3138 iu
809 3092 867 3138 rete
880 3099 924 3139 ut.
1010 3077 1041 3132 la
1056 3078 1158 3136 asisin.

136 3147 160 3201 ln
171 3153 286 3207 secunda
312 3151 362 3206 ier.
385 3159 448 3222 post
470 3152 565 3209 Pasca.
578 3152 600 3208 E
618 3169 706 3210 osum
717 3161 812 3237 pastor
824 3154 922 3209 bouus.
1010 3147 1039 3203 ln
1051 3148 1204 3206 Cametlno.
1218 3152 1410 3209 llonastcrium
1422 3159 1515 3207 macte
1524 3148 1609 3204 llarie
1618 3149 1651 3204 de
1660 3148 1771 3203 Frustra

30 3248 31 3261 ι
135 3217 347 3277 ladscensionc.
364 3220 394 3276 ln
415 3222 586 3279 Pentecoste.
602 3169 640 3279 dn
663 3222 811 3280 festivitate
836 3197 959 3280 saractic
977 3232 1007 3272 u.
1023 3218 1070 3274 lib.
1087 3235 1149 3276 cere
1161 3221 1306 3279 llonaster.
1319 3230 1412 3279 sancte
1429 3222 1514 3277 llario
1525 3221 1559 3276 de
1570 3220 1633 3274 silla
1652 3234 1771 3300 nrapnat

134 3285 209 3344 Petri.
224 3290 253 3345 ln
270 3290 444 3348 dedicatione
456 3293 542 3363 ipsius
562 3292 693 3350 Ecclesia.
710 3293 739 3349 ln
756 3294 924 3365 Epyphanla.
977 3286 1039 3341 libr.
1053 3304 1116 3345 ecre
1126 3308 1175 3362 pro
1188 3308 1283 3358 censu,
1298 3303 1326 3349 et
1339 3310 1347 3349 ι
1363 3294 1462 3348 bisant.
1478 3306 1528 3361 pro
1542 3291 1672 3360 pensione
1683 3305 1773 3359 cauus-

135 3355 316 3421 lacamcura.
336 3370 364 3417 et
377 3362 404 3417 iu
424 3363 523 3418 letania
537 3363 633 3433 majori
645 3364 744 3421 debent
757 3364 868 3421 accendi
883 3379 927 3420 re-
976 3357 1039 3413 dam
1057 3366 1139 3416 terre.
1160 3361 1352 3419 llonasterium
1365 3365 1398 3419 de
1411 3362 1534 3418 Clientes
1549 3361 1595 3417 lib.
1612 3360 1645 3416 de
1658 3375 1732 3425 cera.
1744 3368 1772 3418 et

136 3428 177 3483 tia.
190 3431 223 3485 Et
242 3432 271 3487 in
298 3430 368 3487 lesio
380 3434 468 3489 sancti
491 3433 565 3489 Petri
589 3441 693 3490 tantum
716 3442 776 3490 rete
798 3448 926 3504 magnarm
976 3429 1148 3486 tblsantium
1166 3448 1216 3503 pro
1229 3434 1273 3490 his
1286 3450 1339 3507 que
1352 3442 1425 3491 tenet
1437 3434 1472 3489 ab
1484 3432 1551 3489 eccl.
1567 3431 1699 3487 Romana·

136 3507 191 3554 ante
202 3510 301 3571 portas
314 3503 431 3572 argenti.
444 3502 474 3558 la
488 3505 662 3561 resarciendo
676 3513 763 3569 tecto,
776 3512 805 3559 et
821 3503 849 3558 iu
864 3520 925 3559 mu·
1009 3498 1040 3553 lu
1054 3499 1113 3556 loto
1124 3501 1262 3574 Sinapron.

30 3610 31 3623 .
134 3570 216 3626 laudis
228 3570 328 3628 fractis
347 3573 468 3630 trabibus
479 3574 594 3631 ecclesie
606 3575 678 3631 beati
697 3574 773 3631 Petri
788 3575 889 3629 dantur
905 3590 925 3630 ιι
1011 3567 1041 3623 ln
1057 3570 1193 3628 Urbinati.

30 3650 31 3661 ¹
135 3638 331 3712 danaumque
344 3643 738 3716 magistrorumetuaicuique
748 3642 924 3709 manualium,
1010 3638 1040 3693 ln
1053 3640 1181 3699 callensi.
1194 3644 1315 3700 Ecclesia
1330 3643 1359 3700 S.
1374 3643 1497 3700 Gerontii
1511 3658 1550 3698 ιιι
1565 3640 1656 3697 ailort.

135 3707 396 3780 duncccompleatur
419 3728 497 3783 opus.
515 3714 628 3781 Quando
646 3715 792 3771 sandalarii
816 3713 927 3783 capiunt
1011 3708 1040 3764 ln
1053 3711 1145 3795 Esino.
1165 3715 1285 3770 Ecclesia
1305 3713 1335 3769 S.
1355 3713 1438 3769 llarie
1452 3717 1485 3768 de
1500 3713 1568 3769 silva
1580 3728 1623 3795 ‚aar
1643 3713 1689 3767 dn.
1707 3724 1769 3779 pap.

135 3780 218 3858 ltabes
231 3783 307 3838 beati
330 3782 414 3848 Petri,
427 3785 528 3839 babent
543 3786 605 3840 inde
616 3803 636 3842 ιι
651 3785 702 3843 sol.
718 3786 764 3841 du.
778 3799 823 3851 pp.
841 3796 869 3838 et
882 3801 934 3840 tart·
1010 3778 1265 3862 ln'lloutdeltrauo.
1278 3784 1400 3840 Ecclesia
1419 3783 1449 3839 S.
1462 3784 1599 3839 Anastasia
1610 3798 1648 3836 ιιι
1662 3782 1709 3836 du.
1725 3796 1771 3834 ar·

140 3847 196 3902 libs.
208 3863 273 3905 cere
292 3864 321 3902 m
333 3852 435 3905 testo...
447 3851 566 3907 Ecclesia
583 3859 669 3908 sancta
682 3856 788 3908 andree
797 3868 819 3909 ιι
833 3867 919 3922 aqua-
975 3858 1059 3919 genta.

144 3916 217 3971 riclas
229 3917 339 3973 moles
350 3925 378 3973 et
389 3919 479 3975 clerici
491 3920 578 3975 sancti
590 3920 663 3976 Petri
673 3922 720 3992 qui
738 3920 840 3977 iaciunt
858 3919 916 3977 ottl-
1010 3918 1198 3978 lnNuoeriao.

144 3987 208 4109 ἓξιιιι
220 4003 249 4042 ιιι
266 3986 319 4067 sol.
341 3987 397 4069 dra·
408 4003 471 4058 pap.
490 3990 645 4055 cardinalis,
659 3992 704 4061 qui
725 3992 807 4047 babet
821 3999 920 4073 ,custo-
1009 3988 1039 4043 ln
1054 3991 1188 4074 Egrtbino.
1209 3992 1400 4076 llonastcrium
1416 3991 1446 4048 S.
1462 3993 1589 4049 Emiliani
1613 4006 1644 4046 ut
1669 3988 1772 4045 solidos

140 4057 312 4206 &silim
326 4055 723 4195 Petsssqttltzreffibsspapiarffiti
750 4060 921 4210 ιᾶιιιιᾷιιὰθιῖᾳιιιι
975 4059 1345 4204 affddlddddgrtndddmsoemm
1362 4063 1392 4118 S.
1409 4062 1489 4120 Anrb.
1504 4081 1534 4120 ιιι
1549 4063 1600 4119 sol.
1714 4198 1721 4212 ·

137 4202 223 4277 qesta
239 4211 282 4250 ιιι
293 4194 345 4250 sol.
429 4210 536 4267 magea.
549 4195 615 4254 dum
634 4206 720 4253 strata
737 4206 831 4254 currat.
851 4198 919 4254 Unt-
1010 4199 1040 4255 ln
1053 4201 1194 4260 Perusino.
1209 4203 1329 4259 Ecclesia
1345 4202 1375 4259 S.
1388 4202 1462 4259 Petri
1479 4203 1514 4260 de
1534 4210 1627 4258 monte
1638 4199 1728 4282 ‘letter⁸
1737 4214 1770 4257 ιι

135 4276 225 4333 curque
239 4269 275 4351 dc
289 4272 510 4355 comestabilibus
522 4289 542 4328 u
558 4272 605 4328 du.
626 4288 672 4346 pp.
693 4288 857 4355 unoquoque
870 4274 923 4330 die.
975 4271 1026 4328 sol.
1040 4270 1117 4330 ullor.
1130 4274 1251 4331 Ecclesia
1266 4274 1295 4330 S.
1317 4273 1401 4329 llaric
1412 4274 1501 4344 postu
1519 4275 1547 4329 in
1559 4279 1652 4328 monte
1667 4269 1771 4330 Fertel.

135 4329 313 4394 Sorreaualcs
328 4338 440 4409 preleen
464 4342 572 4413 quaudo
592 4344 759 4415 suspendunt
778 4342 926 4413 abquemu
975 4358 1006 4399 ru
1020 4341 1066 4396 dra.
1080 4359 1142 4468 pap.
1159 4354 1186 4402 ct
1200 4362 1210 4403 ι
1225 4344 1313 4402 iacula
1329 4360 1379 4416 pro
1393 4360 1554 4416 unoquoque
1564 4357 1646 4399 anuo.

30 4402 32 4481 ὲ
135 4403 180 4459 sol.
193 4421 209 4461 e
221 4410 335 4478 quaudo
348 4409 482 4467 decollant
494 4428 511 4466 ι
521 4412 572 4469 sol.
588 4416 696 4484 quando
714 4422 810 4470 cecant
822 4429 859 4469 ιιι
874 4428 925 4484 ριο
1010 4412 1039 4468 ln
1051 4412 1118 4470 llme
1130 4417 1167 4470 ia.

133 4488 294 4548 unoquoque
316 4479 405 4543 oculo,
426 4484 534 4550 quando
561 4492 689 4539 truncant
712 4484 821 4554 aliquod
840 4498 925 4539 mem·
1010 4483 1039 4539 ln
1052 4483 1210 4541 Tudertinu.

132 4541 204 4601 brum
219 4565 259 4604 ιιι
276 4551 323 4605 dn.
337 4549 473 4607 similiter.
488 4552 586 4608 Sancta
602 4554 698 4610 Rudas
716 4570 766 4625 pro
778 4554 924 4610 elemosina
940 4549 965 4610 D
1011 4552 1040 4609 ln
1052 4553 1202 4612 Narniensi.
1215 4554 1359 4613 llonaster.
1371 4552 1401 4612 S.
1413 4553 1517 4612 Nicolai
1528 4569 1610 4610 unam
1621 4550 1683 4609 libr.
1695 4565 1769 4608 cere.

30 4608 32 4629 '
132 4628 181 4670 una
194 4620 337 4688 aquaricia
350 4620 414 4684 olei,
425 4638 443 4675 ι
457 4623 518 4679 libr.
534 4638 606 4688 cere,
617 4633 646 4679 et
658 4625 799 4681 dimidium
813 4624 923 4680 olibani.
1012 4623 1042 4677 la
1054 4623 1197 4682 Esculanu.

133 4684 219 4743 Sancti
253 4698 363 4755 ualuas,
379 4698 406 4745 et
418 4701 528 4750 sauctus
541 4693 675 4760 Clemens,
691 4703 719 4751 et
732 4703 842 4751 sanctus
855 4696 926 4751 Pan·
1012 4692 1042 4749 ln
1058 4692 1077 4748 S
1096 4695 1214 4752 oletauo.
1225 4695 1347 4752 Ecclesia
1360 4694 1390 4752 S.
1408 4694 1480 4758 Petri
1497 4693 1576 4764 justa
1589 4695 1675 4764 ipsam
1694 4692 1767 4749 citit.

131 4759 227 4814 statius
233 4706 527 4819 daabcutelemosinam
542 4764 604 4821 inde
619 4782 659 4821 ιιιι
672 4766 717 4821 dn.
728 4780 774 4836 pp.
787 4765 926 4837 magistus
976 4780 997 4820 rt
1011 4764 1061 4820 sol.
1078 4711 1146 4822 duce.
1161 4773 1280 4823 castrum
1295 4768 1366 4836 quod
1379 4765 1515 4822 lloriciola
1528 4774 1649 4830 uocatur,
1664 4779 1697 4819 es
1709 4763 1769 4845 red-

131 4838 176 4893 pru
189 4844 285 4895 cavea,
299 4837 327 4886 et
341 4838 457 4900 quatuor
467 4833 555 4899 luam,
571 4837 678 4906 quando
692 4836 843 4892 accendunt
855 4843 923 4904 rete,
976 4835 1079 4892 ditione
1093 4835 1201 4901 Gisleri,
1216 4838 1286 4893 sicut
1310 4836 1485 4892 inuenitnriu
1499 4836 1623 4907 liegislro
1646 4834 1699 4891 Gre
1717 4834 1768 4889 oul

131 4899 247 4969 exerptis
259 4901 480 4959 ebdomadalibus
490 4905 677 4971 cardinalium,
689 4914 717 4963 et
727 4906 842 4963 ecclesie
851 4906 923 4963 beati
976 4920 1045 4976 pape
1062 4922 1110 4973 ιιι,
1121 4908 1153 4962 lt.
1168 4907 1242 4964 Petri
1251 4905 1321 4976 juris
1333 4915 1385 4962 est.
1400 4906 1434 4961 Et
1446 4906 1640 4963 monasterium
1653 4904 1683 4959 S.
1695 4850 1769 4963 den-t

30 4994 31 5007 ι
130 4963 206 5023 laur.
231 4971 260 5025 in
294 4970 674 5032 alatioetclericorumbeati
690 4976 773 5041 Petri,
789 4984 924 5034 etcanto-
976 4975 1010 5031 de
1025 4976 1228 5033 Bovariavsol.
1243 4978 1346 5033 luccen.

30 5044 31 5075 ὲ
130 5050 186 5091 rum
210 5048 239 5093 et
284 5041 472 5099 omluicalibus
497 5044 671 5101 diacououan
691 5046 878 5102 cardInalinm.
892 5048 922 5102 ln
1012 5045 1041 5100 ln
1061 5047 1185 5102 Reatino.
1200 5047 1391 5104 blormsterium
1405 5045 1435 5100 S.
1450 5045 1608 5102 Salvatoris.

128 5109 290 5185 stationibus
302 5126 369 5167 aero
380 5129 464 5169 unum
475 5128 526 5184 par
546 5115 694 5173 facularum
707 5117 740 5173 ad
759 5131 886 5187 uesperas
901 5135 921 5173 n
1009 5116 1038 5173 lu
1052 5118 1186 5178 lalsensi.
1208 5117 1399 5176 llonasteriuua
1418 5117 1451 5173 dc
1465 5117 1602 5173 Bomitam.
1619 5132 1627 5172 ι
1643 5129 1767 5170 romana«

128 5172 268 5259 libranum,
281 5190 309 5237 et
323 5183 356 5237 ad
370 5185 481 5241 missam
495 5202 515 5241 ιι
530 5185 672 5243 librarum.
689 5187 801 5243 Familia
815 5203 923 5258 quoque
974 5193 1042 5241 tum.
1741 5252 1747 5264 ‚

128 5244 181 5301 dna.
197 5264 268 5320 pape
280 5253 421 5310 constravit
434 5256 535 5312 babere
555 5257 673 5328 aliquam
695 5258 920 5314 benedictionem.
1008 5256 1037 5313 ln
1054 5257 1214 5315 llarsicano.
1229 5258 1423 5315 llonasterium
1441 5256 1471 5313 S.
1486 5256 1569 5314 liade
1585 5256 1619 5313 de
1635 5255 1767 5324 apparata

128 5312 239 5381 mando
262 5322 322 5379 das
348 5338 417 5393 papa
441 5325 616 5401 pmlongatur
643 5328 758 5384 adorna
779 5328 922 5400 plusquam
973 5345 1004 5384 ιιι
1018 5328 1068 5382 sol.
1082 5330 1238 5398 provenien.
1253 5340 1282 5386 et
1294 5347 1303 5386 ι
1315 5329 1377 5384 libr.
1393 5343 1465 5384 cere.

127 5398 177 5441 una
191 5391 275 5456 dieta,
290 5395 315 5449 ei
336 5394 469 5464 siquidem
495 5412 548 5453 nou
570 5398 650 5454 datur
661 5413 724 5454 cera
737 5413 786 5468 pro
799 5415 919 5456 camera.
1009 5397 1038 5454 lu
1052 5398 1175 5454 Teatino.
1193 5399 1385 5457 donasterium
1398 5399 1432 5456 de
1441 5396 1552 5470 llagella
1566 5413 1575 5455 t
1590 5392 1694 5451 morab.
1710 5391 1767 5449 lla

127 5452 254 5536 Bretesca
275 5463 383 5530 calices,
397 5481 502 5533 cruces,
518 5467 645 5531 turibula,
661 5477 689 5523 et
705 5469 802 5525 bacilia
826 5486 919 5538 aurea,
973 5470 1122 5524 austasium
1137 5467 1166 5524 S.
1182 5468 1309 5527 Steiauir
1324 5485 1388 5526 unc.
1404 5469 1473 5524 auri.

126 5540 181 5585 sne
195 5542 336 5603 argentea,
352 5536 467 5604 camisii,
491 5538 593 5606 andeli,
607 5538 689 5605 stole,
705 5540 845 5611 manipuli,
859 5556 921 5597 cor·
1007 5539 1037 5600 ln
1049 5539 1187 5597 Pinaeusi.

158 5744 171 5771 ε
191 5732 274 5815 Plura
291 5737 337 5819 laic
350 5737 427 5794 vidos
449 5740 538 5810 capita
557 5741 707 5813 disciplinae
730 5743 839 5807 ueteris,
862 5760 922 5815 qum
977 5744 1082 5801 inlibro
1096 5745 1134 5802 De
1146 5748 1300 5817 prestantia
1313 5746 1397 5802 lircil.
1411 5743 1484 5810 Vas,
1495 5746 1517 5802 si
1528 5747 1636 5817 quando
1646 5745 1764 5819 produit

128 5797 306 5864 illustrataque
316 5809 447 5881 mdigeut.
459 5810 488 5866 ld
500 5827 565 5868 tero
574 5828 623 5885 per
636 5830 679 5871 me
691 5813 792 5871 lactum
807 5815 927 5873 inuenies
980 5817 1008 5872 in
1021 5817 1117 5874 lucem.
1131 5817 1246 5875 Peaiadc
1260 5826 1302 5874 est
1319 5818 1352 5875 de
1365 5818 1549 5888 scqucmibus.
