4050 6192
189 295 242 351 utu
643 300 673 355 b.
693 301 818 358 (λιιιθιι
839 300 946 357 antimi
964 299 1041 357 ΟΡΡ.
1060 300 1152 359 bans
1169 303 1202 360 ll.
1223 301 1345 364 secato
1364 305 1385 361 i.
1774 305 1828 364 Μ

186 409 293 464 stantiae
306 424 362 465 sue
373 411 578 483 permiserunt
600 416 700 470 uirentis
723 415 843 482 deuotio,
863 416 980 472 bonoim
994 425 1017 482 Λ
1031 417 1122 473 munia
1138 418 1256 480 tradant.
1268 419 1342 476 siout
1351 419 1477 491 superias
1488 419 1619 477 diximus.
1637 419 1707 478 Nan
1730 430 1761 478 et
1778 436 1829 496 pu

186 501 493 570 impirante,suaserir;
517 515 544 560 ct
564 507 981 581 unrrsqnisquepresbuternrum
1033 507 1140 580 singula
1153 509 1320 566 mmasteria
1334 509 1405 565 inira
1424 510 1553 581 parocbia
1571 520 1619 568 tua
1635 511 1675 568 ita
1684 511 1780 571 lacius.

186 591 298 646 misum
308 601 409 658 suntet,
422 604 449 648 ct
466 593 578 650 alterius
592 596 695 652 ordinis
706 595 822 655 ciericos
834 598 875 656 sel
888 614 981 655 mona·
1293 597 1461 659 suissuia
1483 601 1565 660 xiil.

186 685 264 749 chus,
280 687 337 742 sive
353 686 408 743 beo
428 697 544 754 saerata,
566 690 612 759 nni
627 691 744 761 psalmos
758 690 864 759 didicit,
880 691 981 762 cpsal·
1164 707 1199 748 an
1218 707 1342 748 mensumn
1362 708 1453 749 rtcrou
1472 709 1560 749 necent
1579 710 1691 752 namna.

187 790 262 830 mum
276 775 403 831 similiter
415 787 515 832 constet.
538 777 626 849 Opem
653 789 744 836 autem
767 795 799 835 ea
821 779 864 835 iris
885 780 983 836 dicbus
1094 782 1133 840 De
1144 800 1208 857 pecc
1222 784 1391 842 exteriorum
1410 783 1460 840 Dei
1477 793 1502 839 et
1516 784 1570 840 iiiii
1586 787 1761 845 emunim

186 881 301 938 operare
312 869 507 938 permittimus,
523 886 584 940 quse
608 886 658 927 nce
683 871 717 926 ad
733 871 875 928 eeclesiam
890 870 983 926 uenire
1332 873 1343 945 (
1352 873 1430 929 nuno
1446 871 1533 948 sut.)

187 957 352 1031 impedient,
376 975 428 1016 nec
450 971 514 1017 ante
537 971 666 1018 statutam
691 964 786 1020 horam
817 964 983 1019 manducare
1265 963 1596 1029 (firmamamentum.)

187 1058 235 1105 aut
257 1062 271 1091 ¹
283 1050 377 1107 bibere
393 1063 501 1123 cogam.
523 1053 581 1110 Duo
604 1069 711 1126 quoque
733 1065 832 1113 caetera
853 1055 981 1111 uiciuaua
1068 1043 1182 1102 Carolus
1197 1046 1388 1102 serenissimus
1402 1045 1572 1118 Augustusa
1592 1047 1648 1103 Deo
1662 1057 1823 1118 coronatus,

184 1143 287 1214 icioma
300 1144 343 1202 iris
358 1145 453 1202 diebus
469 1147 527 1216 puri
549 1147 656 1203 ratione
669 1163 717 1218 per
734 1145 920 1202 omniserunt
938 1158 984 1202 ce·
1034 1151 1163 1209 mugnus,
1181 1135 1311 1209 buclfliffl
1336 1136 1494 1208 imperator,
1522 1138 1706 1196 Romanorum
1731 1143 1830 1214 guber·

185 1237 327 1305 lebranda,
343 1254 426 1294 unum
443 1246 504 1309 post
527 1238 730 1309 Tincopinaniam
745 1253 782 1293 ιἰι
800 1237 873 1304 idus,
904 1246 933 1293 ct
953 1253 981 1293 tu
1033 1246 1102 1286 naus
1116 1230 1316 1301 imperiumne
1331 1231 1606 1301 permisericordiam
1620 1234 1669 1289 Dei
1682 1250 1729 1290 rex
1745 1235 1830 1291 Fusu-

185 1332 260 1398 inus,
273 1340 301 1388 et
314 1347 333 1387 n
353 1331 414 1388 tuns
425 1330 652 1388 bonnamicum
665 1346 729 1387 uero
741 1339 803 1401 post
829 1329 981 1402 Septuage-
1033 1337 1129 1377 corum
1147 1327 1174 1376 et
1186 1320 1443 1392 Langobardorum,
1463 1321 1641 1380 diiectissimo
1663 1326 1718 1381 tilio
1735 1334 1831 1383 nosue

186 1425 294 1490 simam,
311 1423 407 1480 aniius
423 1422 613 1487 Febrrrsriiet
626 1439 660 1478 uu
680 1422 816 1477 Kalendas
837 1421 939 1488 Martii,
955 1430 983 1477 ct
1034 1411 1148 1483 Plupiuo
1168 1411 1285 1484 glorioso
1308 1413 1365 1484 regi
1381 1413 1574 1484 sempiternam
1596 1415 1624 1471 in
1647 1416 1762 1474 iicrmno
1783 1434 1829 1475 sa-

187 1528 215 1569 ιιι
230 1511 367 1568 Kalendas
377 1511 475 1567 iiartii.
490 1510 672 1568 Necessitates
682 1525 747 1566 uero
757 1525 826 1580 quas
839 1526 922 1581 supra
933 1526 984 1567 uos
1034 1503 1132 1560 lutem.

186 1604 310 1660 dicturos
321 1617 382 1659 esse
396 1604 573 1674 promisimus
586 1605 659 1660 inter
670 1612 794 1668 octerm,
808 1618 878 1675 quas
892 1612 983 1660 tamcu
1070 1594 1530 1669 Perveuliud²⁰ii³¹1⁰⁸lf³⁸ltllo
1544 1594 1694 1654 clefflfflllae
1706 1595 1833 1673 ”mli

186 1694 240 1752 bac
252 1693 311 1751 uice
328 1710 542 1752 commemorare
555 1695 739 1752 necessarium
764 1695 903 1761 duximus,
924 1695 983 1752 buc
1035 1686 1107 1758 quud
1119 1686 1202 1758 siqui
1215 1687 1316 1752 duwe
1331 1693 1359 1743 el
1371 1701 1466 1743 wluin
1475 1684 1617 1757 ludiim,
1630 1688 1774 1754 mamilli,
1789 1688 1834 1745 Vl·

186 1793 261 1842 uuirt.
275 1785 398 1857 Decime
414 1795 583 1856 cunipertum
599 1785 730 1842 hebemus
747 1799 798 1856 per
820 1783 914 1840 liticies
934 1800 983 1840 no-
998 1767 1120 1847 Bcarii,
1142 1778 1308 1844 wimiis
1324 1792 1373 1833 ⁸0¹¹
1398 1777 1495 1848 'illibi
1510 1778 1722 1846 ”iliiliierlfloes
1745 1778 1834 1837 salw-

186 1885 272 1944 utros,
286 1877 332 1949 qui
348 1877 480 1934 nobisne
507 1876 622 1948 singuiis
648 1876 725 1947 regni
747 1875 835 1932 nostri
860 1875 984 1947 partibus
1035 1871 1125 1937 narii,
1146 1878 1307 1937 venatores,
1326 1878 1355 1927 et
1377 1872 1469 1928 octeni
1490 1887 1540 1944 per
1564 1873 1671 1945 singula
1695 1873 1834 1931 territoria

184 1968 247 2025 bec
262 1967 465 2032 mrutiarcruut,
479 1965 552 2037 ursoni
567 1967 677 2023 insolito
694 1980 779 2031 onore,
794 1973 822 2021 et
835 1965 908 2021 ultra
919 1978 984 2020 cou-
1035 1965 1190 2021 habitantes
1208 1962 1251 2020 uel
1264 1962 1465 2031 discurrentes,
1477 1966 1690 2022 mansionaticos
1706 1973 1734 2023 et
1751 1981 1834 2038 para-

185 2066 294 2115 uuetum
305 2057 407 2128 ubique
427 2065 509 2113 terre
523 2057 656 2114 sterilitas
670 2072 732 2114 esso
742 2065 771 2113 st
783 2055 863 2112 lamis
872 2054 983 2126 pericu·
1035 2054 1134 2111 amedu
1148 2052 1304 2124 ascipiunt,
1320 2067 1375 2108 non
1388 2052 1477 2110 seium
1489 2069 1572 2125 super
1584 2054 1687 2111 liberos
1697 2055 1832 2122 homiues,

186 2148 244 2205 hm
257 2147 400 2208 imminere
413 2147 530 2205 uidetur.
542 2149 623 2205 Aeris
632 2149 715 2204 etiarn
729 2148 907 2219 intemperies
927 2147 985 2202 ira·
1035 2146 1083 2203 sed
1094 2146 1176 2203 etium
1189 2145 1217 2201 is
1229 2144 1360 2204 ecclam
1372 2143 1431 2210 liei,
1445 2145 1610 2201 monasteria
1622 2144 1748 2202 uiuuicet
1759 2144 1834 2202 uiro-

185 2239 266 2311 gibuu
281 2238 361 2295 ualde
381 2240 528 2303 contraria,
551 2239 709 2309 pestilentia
727 2254 836 2311 quoque
859 2254 910 2311 per
923 2239 984 2295 ioca
1035 2253 1097 2296 mm
1117 2253 1151 2295 ac
1167 2237 1333 2309 puellarum,
1356 2244 1384 2294 et
1406 2237 1590 2304 xenodochia,
1608 2245 1693 2308 atque
1711 2238 1835 2296 cirenas

185 2336 356 2400 etpupormu
373 2330 494 2402 pestium
507 2330 580 2386 circs
601 2345 710 2388 marcas
728 2340 838 2387 nostras
862 2330 984 2386 sodomia
1034 2332 1150 2404 menes,
1177 2337 1206 2387 et
1227 2344 1310 2400 super
1336 2328 1456 2399 minues
1479 2328 1630 2385 servientes
1657 2327 1834 2386 ωιιωιιιιιιι

184 2418 258 2476 belia
268 2419 409 2488 continua,
421 2419 505 2476 mmta
524 2430 727 2492 proceresque
743 2430 774 2479 et
790 2436 863 2478 nunc
873 2436 985 2478 mumo-
1035 2425 1100 2490 iaci.
1116 2425 1146 2481 in
1165 2439 1260 2481 eorum
1274 2437 1376 2493 opera,
1392 2422 1420 2480 id
1438 2429 1497 2488 est,
1510 2421 1540 2477 in
1551 2422 1656 2488 uinus,
1670 2427 1698 2478 et
1712 2421 1832 2492 cunrp‘u,

186 2523 250 2568 rare
267 2509 378 2583 binumu
397 2520 453 2578 est,
468 2520 497 2565 et
527 2513 610 2568 nobis
630 2512 845 2584 experimentum
870 2519 986 2584 pessunt
1036 2515 1192 2587 senpratis,
1204 2530 1256 2571 nec
1269 2529 1327 2569 uon
1338 2520 1367 2569 et
1379 2513 1407 2568 in
1420 2526 1515 2569 comm
1526 2511 1722 2569 mmbcbsiiios
1733 2510 1835 2568 luciam

186 2616 249 2658 esse
261 2601 412 2669 ιιοιίειιιιιι,
426 2603 449 2659 si
460 2601 609 2659 recormnre
618 2603 757 2670 sommus,
774 2603 864 2675 qualia
879 2604 985 2661 insom-
1036 2606 1159 2679 operam,
1175 2613 1203 2664 et
1219 2607 1388 2671 carnaticos,
1401 2611 1430 2660 et
1446 2604 1540 2659 uiuum
1554 2610 1650 2660 contra
1662 2617 1771 2660 omnent
1785 2600 1834 2673 iu-

187 2690 269 2748 moda
280 2692 395 2765 siupuiis
408 2693 505 2749 uenus
521 2704 634 2766 propter
650 2696 748 2752 merita
771 2704 866 2753 nostru
885 2697 987 2753 sentia-
1036 2697 1139 2754 stitianu
1166 2697 1202 2753 ab
1225 2696 1267 2752 cis
1292 2703 1421 2752 exactare
1444 2709 1500 2751 non
1522 2700 1651 2759 cessant,
1679 2700 1707 2749 et
1733 2691 1835 2748 multas

187 2798 263 2852 mus,
288 2782 496 2856 certissimeque
517 2786 552 2842 ab
579 2787 624 2844 bis
644 2787 830 2845 exterioribus
860 2788 988 2860 colligere
1036 2788 1227 2861 oppremes
1246 2787 1385 2858 patiantur
1404 2788 1470 2858 ipse
1486 2785 1609 2843 emissis
1625 2784 1690 2851 bei,
1714 2783 1757 2840 uei
1772 2798 1833 2840 uer·

187 2887 343 2946 mutunus,
355 2890 463 2948 nosper
478 2878 571 2934 omnia
587 2878 705 2936 nomino
719 2894 773 2935 nort
789 2879 898 2951 plaeere
918 2879 988 2936 inte·
1037 2883 1143 2940 vientes
1154 2893 1258 2937 eurum.
1275 2880 1409 2951 ideoque,
1421 2878 1581 2936 ιιιιιιιιιιιο
1598 2878 1653 2944 iiia,
1667 2877 1718 2934 bas
1729 2877 1835 2934 litteras

188 2965 257 3032 ritas,
271 2967 318 3038 qui
336 2974 412 3023 muta
428 2967 498 3024 maia
512 2969 701 3042 compeliimur
715 2970 832 3027 tolerare
854 2973 986 3029 exterius.
1037 2974 1073 3030 uri
1094 2980 1169 3028 tuam
1194 2970 1367 3028 uiiccuonem
1389 2970 1560 3036 direximus,
1577 2977 1608 3025 ut
1632 2969 1704 3027 banc
1723 2983 1835 3025 mm

189 3055 372 3126 Quamobrem
385 3057 487 3115 bonum
501 3059 581 3115 uobis
591 3061 703 3116 omnino
717 3061 837 3128 uidetur,
852 3070 884 3117 nt
904 3077 988 3119 unus·
1038 3063 1223 3136 diiigenterac
1231 3062 1381 3133 prudenter
1391 3061 1530 3132 munirem
1542 3059 1636 3125 iacias,
1648 3067 1686 3126 et,
1699 3059 1723 3115 si
1734 3058 1836 3144 uerius

189 3144 307 3216 uniusne
321 3153 446 3202 riostrum
459 3161 506 3202 cor
519 3163 597 3203 suum
608 3148 753 3206 humiliare
765 3150 793 3206 in
805 3151 919 3207 vetimte
932 3160 986 3208 utu·
999 3139 1024 3204 C
1038 3164 1083 3215 aas
1092 3155 1166 3227 qued
1177 3155 1215 3211 ita
1233 3153 1336 3211 mmanu
1350 3155 1406 3221 sit,
1424 3153 1551 3224 deinceps
1562 3152 1727 3210 omnimodis
1740 3165 1837 3208 emm-

189 3234 265 3302 ueat,
275 3243 304 3291 et
317 3234 345 3291 in
355 3249 520 3307 quocunque
531 3238 606 3304 ioco,
620 3239 682 3296 sisu
698 3249 774 3307 amu,
785 3242 843 3297 sire
855 3243 986 3313 sopitam
1039 3248 1105 3305 uere
1116 3254 1144 3303 et
1156 3245 1295 3318 corrigere
1306 3245 1426 3311 medus,
1437 3251 1572 3315 maturus
1583 3243 1611 3297 ia
1627 3242 1724 3298 diebus
1734 3240 1837 3297 ιιιιιιιίι

177 3337 221 3384 ‘se
231 3327 315 3384 ileum
328 3326 476 3384 omisisse
486 3328 707 3400 mprebcnierit,
719 3332 877 3404 poenimudo
889 3342 988 3405 terget,
1038 3353 1072 3395 ue
1086 3338 1141 3394 tuis
1152 3352 1205 3409 pax
1228 3335 1404 3394 messianum
1424 3335 1490 3400 bei,
1510 3334 1569 3390 sire
1592 3332 1701 3388 iliarum
1715 3331 1838 3388 mnen-

189 3413 280 3474 ssentlu
291 3417 393 3486 ducat,
406 3427 434 3476 et
448 3419 622 3493 semetipsum
638 3421 669 3480 iu
691 3432 823 3494 quantum
851 3425 911 3496 ipso
935 3425 990 3481 iar-
1039 3431 1123 3496 uum,
1136 3430 1165 3485 in
1178 3429 1307 3486 omuibus
1325 3434 1512 3492 manetur,
1524 3433 1552 3482 et
1563 3433 1594 3481 ut
1606 3439 1712 3482 merces
1725 3423 1837 3495 copiosa

189 3508 281 3579 aiente
291 3518 382 3581 potest
393 3509 428 3567 ab
448 3510 494 3566 bis
505 3512 584 3568 maiis
600 3513 629 3568 in
651 3512 772 3570 intusum
794 3516 916 3574 maenio
937 3533 987 3574 on-
1038 3522 1118 3580 nobis
1137 3537 1171 3580 ac
1188 3521 1237 3579 tibi
1260 3521 1359 3578 exinde
1379 3517 1482 3593 iupiter
1504 3525 1652 3576 accrescat.
1675 3516 1839 3574 Audivimus

190 3597 988 3675 ‘mibi‘''mim-iiim&(intumuimus,
1039 3615 1121 3672 etiam
1143 3612 1216 3685 quoti
1238 3612 1363 3684 queam
1386 3609 1504 3681 capitula
1527 3624 1588 3680 quae
1613 3609 1641 3664 iu
1668 3607 1729 3680 iege
1751 3606 1837 3663 serbi

190 3698 222 3746 ιιι
233 3691 407 3764 omnipotens
420 3693 503 3762 Deus,
516 3697 563 3766 quui
590 3713 644 3754 uon
667 3697 756 3754 solum
785 3699 870 3767 ioue,
891 3714 987 3757 rerum
1036 3703 1179 3776 §meinos
1194 3716 1244 3774 per
1254 3701 1345 3772 eliqua
1356 3700 1415 3757 ioca
1428 3698 1512 3771 aliqui
1527 3715 1560 3756 ea
1579 3698 1681 3755 nmtris
1692 3713 1725 3755 ec
1737 3696 1838 3754 resins

189 3779 274 3837 ctiam
301 3790 449 3855 antequam
474 3785 542 3843 bant
563 3789 657 3844 cornia
681 3791 767 3857 nouit,
789 3791 873 3848 cerua
894 3801 989 3850 nostra
1039 3796 1146 3860 dicant,
1161 3793 1235 3865 quoti
1253 3808 1305 3848 uos
1324 3805 1496 3862 neququam
1511 3790 1565 3846 iltis
1584 3790 1656 3847 bane
1672 3804 1784 3846 musam
1800 3789 1838 3846 ud

191 3881 368 3948 compingat,
382 3883 411 3932 et
426 3890 477 3932 nos
489 3876 542 3934 sibi
560 3880 789 3953 supplicemque
809 3880 988 3951 subjectosin
1040 3883 1166 3941 ιιοιιιῑιιιι
1183 3896 1233 3953 per
1249 3882 1431 3953 nosmetipsos
1448 3881 1602 3937 conuictam
1621 3879 1786 3947 mbeunms
1809 3888 1839 3937 et

192 3974 256 4017 uera
269 3962 424 4023 bumilitate
436 3964 531 4033 lecim,
543 3977 571 4023 ct
583 3985 803 4042 unumquemque
817 3979 941 4028 nostrum
954 3973 989 4029 ab
1040 3974 1102 4031 ideo
1115 3972 1211 4030 nolunt
1225 3972 1266 4028 eis
1279 3971 1406 4038 obedire,
1426 3986 1478 4028 nec
1495 3970 1667 4038 measure,
1683 3985 1774 4042 seque
1785 3985 1839 4042 pro

192 4053 564 4114 observantiamauuatorum
588 4074 710 4128 sucrum,
735 4059 851 4132 depuisa
872 4077 889 4117 a
910 4063 993 4119 nobis
1040 4063 1101 4134 iege
1115 4071 1220 4119 tenere.
1239 4061 1280 4117 Tu
1298 4068 1392 4117 auten
1410 4060 1483 4117 nosti
1504 4060 1641 4131 quemodo
1658 4059 1701 4116 uu
1720 4060 1840 4131 mutuo

192 4144 384 4216 omnierrore,
397 4159 548 4217 convertet,
567 4152 893 4224 misereaturquesirea
910 4153 989 4211 robis
1040 4162 1132 4214 mcum
1146 4154 1228 4210 mesti
1245 4149 1393 4209 iuimustie
1411 4151 1478 4222 ipsis
1491 4150 1628 4222 capitulis.
1645 4150 1680 4207 Et
1699 4150 1763 4208 ibeo
1785 4150 1837 4206 ud·

194 4237 266 4293 tricia
281 4238 451 4311 repellendo,
462 4243 519 4299 siue
541 4242 613 4301 bona
638 4245 738 4315 quibus
765 4245 869 4317 indiam
895 4261 990 4302 sumus
1041 4259 1183 4302 monemus
1199 4251 1274 4299 tuam
1294 4240 1439 4298 amabilem
1457 4240 1644 4306 dilectionem,
1659 4247 1690 4295 ut
1709 4254 1759 4311 per
1775 4240 1839 4295 uui·

193 4328 349 4396 submoue,
362 4331 434 4387 sieut
445 4333 503 4404 ipse
514 4334 590 4390 nouit
610 4349 661 4390 uos
683 4333 814 4407 indigere,
842 4343 871 4391 ct
887 4336 991 4392 tribuat
1041 4351 1149 4393 uersum
1160 4349 1274 4408 reguum
1286 4334 1334 4390 tibi
1346 4348 1363 4389 a
1375 4333 1432 4390 ibeo
1444 4332 1618 4388 commissum
1628 4347 1660 4388 ea
1668 4339 1732 4386 nota
1743 4328 1837 4396 iaciat,

193 4429 225 4478 ut
238 4420 267 4476 in
281 4422 412 4480 rnembris
423 4423 491 4490 suis,
504 4421 532 4479 id
545 4432 588 4479 est
614 4425 764 4496 incorpore
775 4434 877 4482 sanctae
892 4425 989 4483 Eccle-
1040 4437 1069 4488 et
1084 4430 1195 4486 obedire
1209 4435 1291 4498 atque
1306 4426 1419 4497 impiere
1436 4424 1586 4496 praecipiat.
1603 4423 1642 4480 uc
1661 4422 1839 4494 episcopium

193 4513 243 4569 sim
256 4514 395 4570 numerari
410 4530 667 4587 mereamur,qnam
681 4517 835 4588 pacificum,
857 4518 991 4586 munere,
1041 4522 1228 4580 scommatibus
1238 4519 1352 4583 occisis,
1368 4519 1439 4574 siem
1451 4524 1583 4572 statutum
1595 4515 1744 4578 babemus,
1758 4520 1786 4569 et
1803 4512 1840 4568 tie

194 4611 341 4674 strepere,
359 4604 573 4675 utqueabomni
599 4606 673 4664 malo
687 4616 830 4680 protegere
851 4609 991 4680 dignetur,
1041 4614 1154 4686 nmquis
1166 4612 1333 4685 quibuslibet
1344 4610 1444 4667 causis.
1460 4608 1656 4664 Verumtamen
1669 4605 1703 4663 (le
1723 4604 1839 4675 presiu-

195 4692 276 4748 uobis
287 4694 369 4749 etiam
387 4694 415 4750 in
432 4694 478 4751 iila
490 4697 819 4769 unitatecomprebcnsis,
829 4702 874 4771 (ιιι
888 4710 918 4757 ut
928 4717 990 4773 gra·
1041 4705 1108 4763 teris
1122 4704 1229 4760 uidetur
1241 4701 1336 4766 nobis,
1356 4707 1388 4755 ut
1406 4698 1429 4755 si
1446 4698 1515 4754 iiber
1532 4703 1614 4751 naum
1626 4701 1668 4751 eut
1684 4693 1838 4766 prosbylers

194 4785 262 4840 tiam
276 4785 349 4842 iilius
364 4788 515 4859 promereri
533 4790 687 4862 possimm,
702 4792 761 4848 boec
786 4791 889 4863 juncia
909 4802 991 4865 atque
1041 4796 1123 4867 tripla
1137 4793 1336 4865 compositione
1346 4789 1494 4848 secundum
1510 4796 1583 4844 tuam
1598 4787 1685 4859 legem
1702 4784 1750 4841 iat
1761 4799 1838 4841 mm-

195 4877 246 4933 bas
260 4878 398 4936 orationes
413 4879 447 4935 ab
459 4880 587 4937 omnibus
600 4881 683 4939 robis
689 4884 853 4955 generaliter
866 4883 924 4940 lieri
944 4884 991 4941 dc·
1041 4888 1162 4959 positum
1176 4894 1204 4942 et
1220 4884 1384 4957 sipiagatns
1397 4881 1502 4948 luerit·
1519 4879 1668 4938 mmm
1680 4877 1840 4949 ‘inillam

196 4972 344 5030 cresimus.
360 4973 436 5030 ilaue
448 4977 707 5049 quoqueepistoianr
718 4979 871 5050 relegentes
889 4996 989 5037 secun·
1042 4978 1182 5050 plagarum
1197 4975 1242 5032 uei
1259 4971 1408 5043 disciplinae
1430 4972 1511 5042 tripla
1529 4970 1725 5041 compositione
1744 4984 1839 5024 emen·

195 5064 259 5120 uum
273 5064 323 5122 tibi
337 5080 353 5120 a
367 5065 423 5123 Deo
447 5066 540 5124 datam
561 5068 723 5140 sapientiam
750 5085 843 5127 mcum
864 5071 991 5128 omnibus
1042 5070 1122 5126 uetur
1144 5069 1191 5140 qui
1219 5067 1273 5124 bue
1296 5066 1503 5137 perpetrauerit.
1529 5065 1558 5122 Si
1583 5073 1674 5121 tamem
1698 5064 1841 5136 presbyter

196 5156 340 5229 diiigenter
352 5156 450 5228 relege,
461 5167 490 5214 et
499 5157 607 5216 uadem
617 5158 721 5227 ircim
739 5161 776 5216 ita
792 5169 822 5216 ut
831 5175 927 5218 omues
948 5161 991 5216 in-
1042 5174 1137 5217 scruus
1163 5166 1245 5214 natm
1268 5154 1372 5217 inerit.
1400 5155 1548 5212 secuudum
1574 5154 1647 5211 iliius
1669 5154 1839 5211 rusticitatem

196 5246 319 5319 tciiissant
335 5262 386 5322 pro
398 5265 451 5321 qua
464 5247 628 5308 necessitate
644 5251 704 5307 baec
731 5250 835 5322 agenda
857 5260 938 5318 snnt;
964 5260 993 5307 et
1042 5252 1128 5324 aripie-
1142 5249 1338 5322 compositione
1358 5249 1480 5305 soluatur
1494 5248 1522 5304 iu
1535 5248 1663 5319 plagiuet
1678 5246 1837 5318 circipanis.

197 5338 383 5410 unusquisque
394 5350 514 5398 uestrum
531 5355 582 5414 per
597 5340 719 5413 singulus
738 5340 869 5399 ecclesias
889 5341 992 5412 baptis·
1043 5345 1079 5404 Et
1097 5343 1132 5401 cie
1153 5341 1313 5400 dbeumbuu
1332 5338 1458 5396 sbuiiiter
1475 5339 1533 5396 ιιι.
1553 5339 1603 5396 iiis
1622 5339 1753 5411 captetis,
1769 5339 1841 5395 bene

197 5430 283 5487 males
305 5429 425 5505 diripite,
450 5442 479 5489 et
504 5432 591 5492 bonos
614 5433 777 5506 interpretes
797 5434 920 5503 mittite,
946 5436 993 5506 qui
1047 5430 1268 5503 uaiesempcriu
1282 5427 1461 5496 Durniumbb
1476 5428 1660 5486 dilectissime.

222 5534 247 5618 ἰ
266 5571 337 5633 ilinc
389 5585 429 5662 tet
446 5576 570 5662 illicitum
594 5580 678 5633 terme
702 5573 890 5659 relucentibus
915 5580 994 5630 extra
1047 5573 1245 5636 niumdocent,
1263 5567 1386 5651 'maxime
1404 5565 1432 5649 si
1451 5566 1689 5692 deuinowoeepatnm
1713 5562 1839 5691 ¹⁰¹⁸}ae

199 5647 995 5792 insonuistilqbiaaifflmiaiam
1047 5638 1573 5773 assabinum
1583 5643 1773 5778 nisibim
