4050 6192
303 342 367 399 titt
463 394 470 408 ,
721 343 751 396 tt.
773 340 898 398 etheit
915 339 1023 396 nitunt
1041 338 1115 396 OPP.
1136 339 1225 396 Pstis
1242 340 1274 396 11.
1296 341 1417 402 sectio
1435 343 1466 399 ll.
1837 348 1894 404 titt

296 467 401 514 emnem
412 451 554 508 absciderit
562 466 736 523 purpureum,
752 466 805 506 una
814 467 875 507 cum
890 460 977 521 patre,
988 458 1016 506 rt
1025 450 1079 521 itys
1095 460 1116 515 g
1130 449 1171 504 ret
1185 450 1218 505 nd
1240 450 1409 506 tractandum
1433 451 1561 523 mystica,
1578 460 1606 509 et
1625 454 1774 526 pictoribus
1797 458 1829 513 ad
1849 459 1896 514 lor·

296 546 333 602 ob
343 551 464 614 stuprum
474 551 626 599 materterae
637 559 653 597 a
664 554 740 614 patre
751 553 855 614 gestum
868 552 896 598 ct
904 542 1079 599 homicidium
1128 540 1254 595 mnndum
1267 540 1418 608 familiaria,
1432 556 1545 613 prorsus
1556 554 1630 613 sunt,
1646 556 1676 601 ut
1685 547 1787 617 prelati
1803 564 1896 618 mnus,

297 634 393 690 matris
405 633 463 689 sire
475 641 625 689 matertere
641 634 669 689 in
692 633 780 705 seipso
791 644 929 704 patratum
941 649 995 689 una
1016 649 1078 691 eum
1127 627 1252 685 adirinis
1265 628 1364 687 litteris
1374 631 1471 687 aliena.
1491 631 1570 699 Naar,
1591 643 1622 689 ut
1632 645 1731 691 caetera
1752 645 1894 704 taceamus,

293 723 453 794 parentibus
463 723 519 779 sive
525 731 669 795 matertera
678 724 704 779 in
715 725 838 781 uolucres
851 726 987 797 linguntur
996 724 1079 783 luisse
1128 719 1150 775 ⁸5
1163 718 1224 788 11118
1235 719 1321 789 111101·
1341 720 1395 775 ‘¹⁰⁰
1411 722 1500 792 caPili
1512 722 1539 778 5¹¹
1551 740 1605 779 ¹¹⁰0
1615 738 1737 794 ⁰⁰¹P⁰fflr
1749 728 1895 784 1111111111)

296 812 435 871 oaorersii
452 821 498 868 aut
509 829 572 869 curn
592 812 708 885 Sprenes
724 830 757 872 en
774 825 850 886 parte
863 817 992 887 uirgines,
1006 825 1034 872 et
1043 832 1078 873 ex
1127 807 1177 863 bus
1193 810 1350 878 00110111)ΰὲ
1362 819 1554 882 0111111111ῐῦ,
1576 821 1622 869 tui
1639 813 1752 871 alterius
1766 816 1896 874 animamit

296 911 374 973 parte
386 902 507 959 volueres
518 902 670 974 finguntur?
683 913 730 960 aut
743 920 803 961 cum
814 905 888 962 lxion
897 906 1021 961 illusione
1032 905 1079 961 lu·
1127 908 1216 969 caput,
1229 901 1341 958 alterius
1351 912 1449 959 cetera
1467 904 1607 971 membra,
1622 914 1652 960 ut
1665 905 1895 976 hippocentaurum

296 996 376 1052 nonis
386 1011 448 1053 cunr
460 994 535 1052 Nube
546 996 638 1052 coiens
648 995 795 1053 Centauros
805 996 1079 1068 tingiturgcnerasscl
1127 1000 1184 1047 toto
1197 1006 1310 1062 corpore
1320 994 1418 1064 equino
1432 1002 1461 1050 et
1476 1004 1565 1065 caprts
1583 996 1717 1062 humano,
1739 1006 1767 1052 et
1778 997 1897 1053 liumus-

295 1090 342 1136 aut
351 1097 413 1138 eum
426 1081 563 1151 Neptunus
582 1082 691 1137 tridenti
706 1092 827 1139 armatus
843 1085 955 1139 marinis
969 1083 1079 1156 lingitur
1127 1098 1186 1139 rum
1196 1084 1358 1139 semibovem
1371 1084 1581 1157 semivirumque
1591 1086 1698 1145 affectet
1709 1088 1825 1158 pingere,
1838 1105 1893 1143 nua-

295 1170 419 1231 linctibus
434 1170 584 1225 dominari?
602 1170 645 1225 An
660 1186 712 1226 non
732 1172 831 1227 divinis
852 1172 998 1242 Scripmris
1012 1174 1079 1229 alie·
1126 1171 1190 1241 quid
1207 1187 1260 1227 oon
1283 1171 1429 1243 sulpuris
1451 1174 1551 1231 dicitnr
1565 1178 1722 1234 conuairet
1740 1178 1837 1247 lietuid
1858 1186 1894 1234 est

294 1277 358 1317 num
368 1269 419 1326 est,
432 1261 503 1332 quod
523 1260 638 1317 Perseus
653 1270 708 1317 tres
723 1278 830 1319 sorores
844 1263 984 1334 Gorgonas
998 1264 1077 1333 adju·
1126 1261 1237 1328 dicere,
1252 1261 1315 1317 Nou
1335 1274 1489 1325 contraeunt
1512 1268 1623 1338 picturas
1646 1266 1810 1339 scriptoria?
1827 1270 1892 1339 quasi

294 1354 362 1408 torio
374 1353 499 1408 blinerre
511 1351 698 1416 interfecisse,
719 1361 766 1407 aut
789 1369 850 1409 cum
867 1354 1078 1411 alatusauersus
1126 1364 1180 1405 uon
1196 1350 1285 1420 aliqua
1303 1351 1480 1421 apietoribus
1495 1354 1599 1424 possint
1613 1355 1722 1427 depingi
1741 1372 1800 1426 gne
1820 1360 1892 1414 sacris

294 1445 383 1500 solare
397 1443 517 1513 fingitur,
538 1451 585 1497 aut
599 1459 660 1499 cum
671 1444 704 1498 de
720 1443 919 1513 sanguinarius
932 1445 1007 1501 nasei
1021 1445 1077 1501 ler-
1125 1438 1222 1494 litteris
1238 1440 1382 1495 credantur
1393 1440 1533 1513 triniati·
1545 1442 1572 1498 ¹⁰
1588 1444 1676 1500 lteris
1687 1445 1787 1500 etenim
1798 1445 1890 1510 litteris,

294 1543 348 1617 tur·
360 1534 487 1606 Pegasus,
504 1549 589 1604 equus
607 1535 713 1601 alatus,
728 1536 773 1605 qui
796 1537 893 1607 ungula
907 1553 954 1593 sua
974 1536 1076 1593 iontem
1125 1530 1345 1599 ninivitarum,
1358 1534 1424 1589 nihil
1445 1535 1645 1603 irreonreuiens,
1669 1538 1736 1593 nihil
1753 1538 1888 1607 impurum,

294 1622 395 1693 rupisse
411 1621 493 1681 llusis
506 1623 675 1694 depingitur?
685 1623 726 1677 dn
742 1640 795 1679 non
813 1625 911 1680 divinis
928 1625 1077 1697 Scripturis
1124 1620 1191 1677 nihii
1211 1619 1319 1688 tasum,
1333 1623 1386 1678 nisi
1407 1622 1477 1680 torte
1497 1624 1525 1679 id
1542 1625 1614 1695 quod
1625 1641 1768 1696 perversos
1784 1641 1889 1697 quosque

204 1779 207 1788 ¹
293 1716 457 1771 eontrarium
473 1723 524 1782 est,
547 1716 619 1785 guod
631 1716 822 1772 Prometheum
838 1716 960 1771 homines
973 1731 1005 1771 ex
1021 1715 1077 1770 luto
1126 1710 1226 1767 dixisse
1247 1712 1289 1767 rel
1306 1710 1402 1770 iecisse
1423 1721 1517 1770 sauma
1542 1715 1682 1787 Scriptura
1702 1722 1888 1779 commemorat,

293 1804 402 1862 linxisse
413 1805 574 1862 inanioratos
585 1804 697 1878 fingunt,
712 1814 740 1862 et
750 1807 873 1863 eumdem
885 1805 1074 1862 Prometheum
1093 1787 1115 1849 Β
1126 1800 1234 1870 peuitus
1256 1801 1406 1871 inuenitur;
1426 1804 1455 1859 in
1474 1804 1587 1875 picturis
1604 1812 1697 1869 autem
1722 1804 1795 1874 plora
1815 1802 1873 1861 laha
1880 1841 1888 1873 ,

292 1893 438 1950 allinerra
450 1894 478 1949 in
492 1894 590 1951 coelum
599 1894 716 1950 levatum
734 1895 878 1951 interoras
892 1894 1075 1965 septemplicis
1123 1889 1199 1959 plura
1220 1890 1326 1957 vitiosa,
1343 1891 1420 1962 plura
1442 1892 1670 1965 inconsequentia,
1686 1892 1762 1962 plura
1777 1892 1887 1948 inconce-

292 1986 388 2058 elypei,
401 1993 429 2042 et
446 1986 510 2042 dum
531 1986 621 2041 omnia
632 1986 752 2042 eoelestia
764 1985 886 2050 uidisset,
900 1984 1004 2056 lingunt
1012 1999 1076 2040 eum
1123 1980 1233 2047 nientia,
1247 1989 1284 2048 et,
1298 1991 1329 2037 ut
1342 1982 1447 2055 ungula
1458 1991 1570 2049 taceam,
1587 1998 1656 2054 pene
1670 1984 1760 2038 omnia
1775 1983 1827 2039 sire
1838 1997 1888 2052 pos

291 2073 405 2130 ferulam
427 2074 579 2131 Phoehiacis
594 2075 742 2147 applimsse
756 2076 843 2142 rotis,
857 2076 1000 2145 ignemque
1016 2090 1077 2134 csso
1124 2072 1230 2139 sibilia,
1244 2073 1301 2130 sire
1315 2074 1503 2146 impossibilia,
1522 2075 1556 2131 ub
1571 2076 1687 2131 eruditis
1701 2075 1840 2145 pictoribus
1851 2072 1887 2129 de

292 2164 424 2232 iuratum,
436 2173 463 2221 et
473 2165 627 2236 pectusculo
644 2168 762 2224 hominis
772 2183 853 2239 quem
864 2168 979 2224 horeat
991 2168 1077 2239 appli-
1123 2161 1292 2233 pingunturz
1308 2163 1582 2233 quibusdoeumemts
1599 2163 1886 2235 loannespresbtterrt

291 2265 352 2312 cato
371 2256 518 2312 animatum
539 2257 687 2315 reddidisse
705 2259 820 2329 corpus?
839 2258 881 2313 An
901 2273 956 2313 non
978 2257 1076 2314 divitiis
1124 2254 1228 2327 legatus
1245 2254 1421 2312 Orientalium
1440 2256 1467 2311 in
1488 2257 1540 2312 hoe
1555 2271 1663 2328 guoque
1682 2266 1775 2328 parte,
1788 2257 1886 2312 sicutet

291 2345 438 2417 scripturis
457 2348 622 2404 contrarium
636 2356 696 2412 est,
720 2348 792 2418 quod
808 2347 949 2403 Tantalum
972 2346 1076 2418 lingunt
1124 2345 1152 2402 in
1173 2346 1278 2402 ceteris
1289 2345 1419 2403 delirasse
1439 2346 1617 2402 convincitur.
1632 2347 1712 2415 Quod
1727 2355 1811 2403 autem
1822 2361 1885 2416 pra·

291 2436 319 2492 ἱιι
331 2437 436 2495 uslemo
447 2438 474 2493 in
484 2439 599 2508 quodam
608 2438 668 2495 lacu
684 2439 850 2510 depositum,
862 2438 940 2509 eique
949 2437 1075 2494 fallacem
1123 2435 1201 2508 byter
1212 2435 1283 2492 idem
1293 2435 1346 2501 ait,
1360 2436 1470 2508 pictores
1489 2436 1615 2508 quidpuid
1631 2436 1769 2509 Scriptura
1789 2436 1886 2508 loquitur

288 2542 388 2598 aquam
398 2527 498 2600 gulosis
512 2528 582 2585 labia
593 2529 771 2585 titillamentis
785 2530 926 2600 attingere,
941 2543 1075 2599 pomaque
1123 2525 1313 2591 demorarcre,
1326 2541 1406 2597 quam
1419 2526 1455 2582 sit
1468 2525 1563 2582 laisum
1580 2541 1716 2597 quammm
1729 2527 1825 2589 inutile,
1835 2540 1885 2594 pru

292 2616 411 2689 fugitivis
432 2617 626 2675 cinerescentia
650 2619 768 2675 tactibus
782 2619 896 2689 desuper
910 2617 979 2674 lacie
997 2626 1076 2674 tenus
1124 2617 1190 2673 dens
1201 2617 1286 2673 lector
1297 2618 1429 2674 advertat.
1444 2617 1631 2689 Nunquidnam
1648 2618 1747 2675 diriute
1757 2626 1844 2674 cuncta
1854 2615 1885 2671 le·

290 2704 405 2774 pendula
419 2721 566 2776 apparere,
585 2707 665 2778 eique
686 2722 747 2765 esse
765 2707 924 2778 locupletem
942 2708 1029 2763 visum
1047 2715 1076 2765 et
1123 2708 1165 2778 gis
1177 2716 1311 2778 praecepta
1332 2722 1393 2777 que
1405 2722 1422 2762 a
1435 2708 1546 2764 llomioo
1567 2723 1615 2779 per
1634 2709 1744 2779 lloysen
1754 2698 1811 2763 data
1825 2713 1883 2767 suut

291 2810 434 2866 pauperem
446 2795 589 2853 ellectumi
601 2797 643 2852 An
661 2812 716 2853 non
729 2797 827 2853 diuinis
846 2797 993 2869 scripturis
1011 2796 1076 2852 alie·
1124 2804 1203 2853 utest
1213 2798 1287 2862 iliud,
1299 2798 1368 2852 Audi
1376 2798 1605 2863 larochllominas
1616 2799 1752 2855 Demean
1760 2799 1822 2853 Dru
1831 2809 1883 2850 eru

291 2900 355 2939 uum
367 2891 420 2952 est,
441 2900 504 2942 cum
522 2884 642 2942 Phineus
661 2901 748 2943 escars
765 2885 890 2958 tingitur,
911 2884 988 2954 errius
1000 2885 1076 2942 cibos
1123 2895 1161 2940 ert
1175 2885 1323 2958 illectu),
1337 2893 1470 2942 etcatera
1482 2887 1677 2956 huiuscemodi,
1690 2889 1717 2943 in
1730 2883 1884 2958 quibuslibit

291 2972 414 3044 llarpgim
435 2974 565 3044 rapuisse,
587 2972 698 3045 eiusque
706 2975 819 3045 prandia
840 2976 1004 3031 stereoribus
1028 2972 1076 3032 im·
1124 2984 1221 3033 sonant
1233 2990 1293 3046 qum
1313 2976 1386 3047 pingi
1396 2976 1509 3045 possint,
1525 2977 1703 3047 apictoribus
1719 2978 1883 3033 demonstran·

291 3064 369 3119 dasse
391 3063 554 3134 pinguntur,
582 3080 650 3136 guas
673 3064 754 3121 zetus
778 3074 806 3120 et
822 3064 910 3121 Calais
934 3064 1074 3136 Aquilonis
1125 3062 1186 3118 turi
1203 3061 1390 3132 Nunquidnam
1414 3064 1504 3119 omnia
1528 3064 1608 3120 uerba
1636 3065 1835 3136 prophetarum,
1862 3062 1883 3115 ir

292 3153 364 3209 renti
384 3153 431 3208 lilii
447 3153 555 3225 fugasse
576 3170 592 3209 a
607 3163 752 3225 conspectu
770 3154 830 3225 ejus
843 3156 1007 3212 mendaciter
1020 3156 1073 3212 iin-
1087 3115 1111 3182 e
1123 3152 1222 3221 quihus
1236 3152 1379 3218 doctrine,
1393 3153 1604 3219 exhortationes,
1616 3154 1821 3227 redargutiones,
1833 3167 1883 3207 ⁰⁰¹i

292 3242 407 3315 guntur?
424 3242 466 3298 An
482 3258 536 3300 non
555 3243 654 3300 divinis
675 3245 822 3315 scripturis
843 3245 1008 3301 contrarium
1020 3255 1072 3314 est,
1124 3239 1319 3311 temptationes,
1347 3240 1436 3307 mium,
1460 3239 1502 3296 vel
1515 3250 1611 3298 caetera
1634 3243 1679 3299 his
1700 3243 1792 3298 similia
1812 3240 1883 3296 couti·

292 3344 353 3385 cum
368 3329 498 3386 Admetus
510 3345 557 3386 rex
570 3329 690 3397 (irreciae,
702 3332 856 3389 utilloostae
866 3332 988 3404 conjugio
1001 3333 1074 3391 irue-
1123 3338 1231 3396 nentur,
1254 3328 1280 3383 in
1294 3329 1392 3400 quibus
1404 3330 1500 3386 crebro
1519 3330 1672 3397 inuenitur,
1692 3330 1754 3387 lice
1765 3331 1822 3384 dicit
1838 3328 1883 3382 llo

292 3427 366 3475 retur
383 3421 530 3477 secundum
543 3422 709 3493 propositum
720 3427 806 3479 soceri
820 3422 924 3480 leonem
937 3434 964 3481 et
977 3440 1074 3496 aprum
1123 3420 1227 3484 miuus,
1240 3427 1296 3483 aut,
1311 3418 1414 3475 tuterit
1428 3420 1565 3489 Dominus,
1584 3431 1631 3477 aut
1651 3424 1695 3480 his
1715 3424 1820 3487 similia,
1834 3435 1883 3491 gire

285 3498 325 3564 'ad
340 3524 448 3565 currum
465 3510 545 3566 simul
558 3509 677 3580 iunctos,
700 3512 830 3582 Apollinis
841 3522 868 3569 et
886 3513 1008 3571 lleroulis
1027 3516 1076 3571 ad-
1124 3509 1158 3565 ab
1173 3509 1348 3581 scriptoribus
1364 3512 1545 3584 potiusquam
1562 3516 1881 3586 apietcrihusexarantur,

292 3596 420 3658 interium
436 3601 561 3658 habuisse
574 3603 712 3676 pingitur?
727 3604 852 3662 luteum
867 3606 997 3664 llercules
1010 3607 1076 3664 Cer-
1123 3599 1228 3669 l)icturi
1240 3603 1385 3658 Secundum
1398 3602 1454 3673 ‘issi
1467 3606 1613 3663 imbibisti
1624 3609 1802 3667 demonstrare
1812 3606 1882 3663 '²¹²ss

292 3688 386 3747 herum
396 3691 541 3763 tricipitem
553 3708 648 3751 canem
662 3692 809 3751 interorum
824 3696 993 3754 interemisse
1011 3699 1074 3770 pin.
1124 3687 1311 3760 Nunquidnam
1336 3693 1417 3748 verba
1438 3693 1522 3764 ipsius
1543 3695 1650 3752 Domini
1673 3708 1701 3756 et
1721 3698 1881 3770 apostolorum

293 3776 382 3845 gitur?
403 3779 446 3834 An
472 3795 525 3836 non
547 3781 645 3838 divinis
661 3781 809 3853 Scripturis
833 3786 998 3842 contrarium
1022 3796 1074 3857 est,
1124 3779 1229 3853 singula
1244 3797 1260 3836 a
1274 3782 1422 3852 pictoribus
1441 3795 1553 3856 possum
1569 3787 1763 3846 demonstrarit
1781 3788 1883 3844 Pictoret

293 3868 364 3937 quod
385 3868 532 3927 acteonem
545 3871 689 3940 quemdam
703 3882 856 3929 venatorem
878 3888 910 3930 ω
923 3876 994 3945 quod
1014 3875 1076 3930 pii.
1125 3869 1207 3940 igitur
1219 3881 1453 3944 rerumgestarum
1466 3876 1593 3934 historiae
1609 3881 1644 3936 ad
1657 3881 1805 3937 memoriam
1819 3878 1883 3932 redu·

294 3972 356 4013 uam
378 3956 511 4014 lavantem
531 3959 637 4028 viderit,
662 3961 690 4016 in
704 3976 812 4019 cerrum
827 3963 1000 4037 linguntesse
1012 3982 1076 4023 con·
1125 3976 1187 4017 cere
1207 3963 1402 4031 quodammodo
1421 3966 1581 4033 1116111118
1604 3978 1694 4026 aulem
1706 3985 1763 4040 (1⁰ae
1780 3968 1882 4024 1111511111

294 4062 411 4114 tersum,
430 4056 458 4104 et
477 4050 618 4107 aeonibus
640 4052 698 4108 suis
710 4067 764 4108 non
781 4054 915 4122 agnitum,
929 4070 1077 4128 eorumque
1126 4054 1310 4107 tantummodo
1322 4053 1506 4124 percipiuntur
1517 4065 1545 4113 et
1557 4060 1645 4115 uerbis
1658 4060 1827 4132 proteruntur,
1838 4069 1880 4110 nor

295 4138 428 4195 morsibus
442 4137 842 4200 devomtumldnnondiuinis
855 4143 1077 4215 Scripturisoou-
1125 4143 1324 4213 stridoribus,
1343 4147 1391 4202 sed
1404 4147 1439 4203 uh
1462 4149 1639 4219 scriptoribus
1654 4152 1881 4223 conprehendi,rt

294 4227 406 4282 tranium
434 4235 497 4295 est,
527 4230 598 4300 quod
630 4231 807 4303 Berecymhia
830 4248 942 4303 puemm
969 4235 1076 4294 tormo-
1126 4233 1240 4288 aliorum
1259 4233 1387 4291 relatibus
1412 4237 1588 4295 demonstrari
1614 4242 1719 4309 ualent,
1741 4256 1827 4312 acper
1841 4240 1881 4293 hot

294 4317 429 4373 tissimum
442 4317 512 4390 Atyn
527 4334 652 4387 amasse,
672 4336 786 4392 eumque
800 4324 939 4396 zelotypiae
954 4328 1075 4386 vanitate
1126 4324 1270 4379 absurdum
1285 4326 1426 4382 estdicere
1439 4341 1447 4380 ι
1462 4327 1524 4384 lion
1542 4341 1695 4389 contraeunt
1712 4328 1881 4406 macresci-

295 4419 423 4463 succensa
433 4416 580 4477 mstrasse,
594 4416 622 4465 et
633 4411 848 4469 semimasculum
869 4411 966 4473 iecisse
982 4418 1076 4489 depin·
1088 4445 1114 4506 ὓ
1125 4417 1220 4486 prodr,
1237 4415 1283 4469 ud
1294 4417 1420 4489 querere
1434 4419 1570 4492 Scriptura
1588 4422 1714 4496 loquitur,
1734 4426 1780 4479 hcc
1793 4424 1880 4477 emcr-

294 4497 439 4569 gituridn
452 4513 505 4554 non
526 4500 625 4557 divinis
649 4501 797 4574 scripturis
822 4509 988 4566 eontrarium
1011 4521 1074 4579 est,
1127 4504 1305 4563 ¹⁸⁰M·P⁰ii⁰
1324 4509 1453 4578 1111011111
1468 4510 1684 4569 &mmmm
1699 4513 1880 4584 &tillim-
1961 4532 1962 4551 ¹

295 4588 366 4659 quod
387 4588 664 4660 Orphmsliuridicen
679 4598 825 4669 nympham
841 4614 946 4657 amasse
967 4611 995 4658 et
1009 4619 1075 4661 sino
1127 4593 1558 4670 inimiilissssulfflmrtluaffltlue
1576 4605 1735 4673 absurdum,
1747 4605 1828 4661 millii
1841 4615 1880 4671 li·

294 4676 412 4749 cythare
434 4692 590 4747 persuasam
611 4695 723 4740 uxorem
739 4685 848 4744 duxisse
864 4689 993 4762 pingitur,
1011 4708 1073 4763 guae
1127 4693 1180 4742 lesi
1197 4689 1338 4759 approbtri
1354 4692 1469 4749 iudiciis·
1486 4693 1596 4762 Qualem
1606 4701 1678 4755 enim
1690 4700 1880 4757 concordantiam
1960 4686 1961 4715 r

294 4764 449 4823 etiamdum
460 4766 558 4825 Aristei
574 4773 691 4843 pastoris
699 4777 912 4845 persecutionem
922 4793 975 4835 non
987 4780 1076 4838 lerens
1126 4787 1238 4846 possunt
1249 4780 1348 4837 babere
1360 4798 1422 4838 cum
1438 4784 1584 4856 Scripturis
1597 4791 1692 4858 saeris,
1711 4805 1768 4846 cum
1783 4787 1828 4844 illst
1843 4799 1879 4839 tr·
1959 4838 1960 4845 ,

293 4854 407 4928 lugeret,
420 4864 448 4915 et
458 4857 486 4914 in
500 4870 653 4932 serpentem
666 4864 899 4924 incidensmortua
910 4879 991 4938 esset,
1005 4885 1078 4927 eam·
1127 4882 1203 4923 moes
1225 4869 1290 4935 sint,
1304 4870 1349 4926 isti
1367 4873 1524 4947 plemmgue
1547 4877 1614 4934 laisa
1634 4880 1800 4953 conllngaoti
1813 4885 1837 4932 et
1853 4873 1879 4929 de
1959 4858 1960 4877 ἦ

294 4962 348 5017 que
372 4948 485 5006 maritus
505 4950 648 5024 inscquem
673 4956 708 5012 ad
725 4954 826 5013 interos
840 4958 1028 5028 descenderet,
1048 4970 1076 5018 et
1127 4958 1305 5027 illisdicatur,
1316 4961 1428 5034 Eloquia
1444 4965 1551 5023 bomiri
1563 4969 1664 5042 deguit
1676 4982 1745 5026 coac
1756 4967 1823 5042 (Pari
1834 4966 1878 5034 tt).

293 5037 380 5108 legem
392 5040 526 5113 acciperet
538 5059 573 5100 ne
595 5060 656 5101 eam
672 5061 817 5105 crrnrersus
829 5050 979 5121 aspiceret,
1004 5052 1075 5109 hane
1128 5051 1172 5106 isti
1189 5051 1325 5107 interdum
1335 5051 1436 5124 lingant
1448 5055 1552 5126 impura
1566 5068 1593 5114 et
1605 5060 1878 5125 incestaillleseutter
1957 5102 1958 5105 η

293 5145 438 5188 oonrersus
450 5135 587 5211 aspexisse
597 5143 624 5191 et
635 5137 722 5194 denuo
735 5141 886 5210 perdidisse
896 5142 1023 5215 lingitur?
1033 5144 1074 5199 An
1127 5142 1256 5198 suadeant
1279 5143 1391 5200 honesta
1406 5157 1434 5204 et
1458 5149 1591 5218 salubria,
1614 5154 1659 5209 isti
1674 5153 1800 5219 multoties
1817 5148 1875 5205 iuis

294 5235 348 5277 non
364 5220 461 5279 dirus
471 5221 617 5295 scripturis
627 5226 744 5285 ahenum
755 5239 811 5297 est,
828 5233 900 5303 quod
912 5234 1001 5290 Venus
1014 5251 1078 5291 cum
1127 5242 1203 5287 nesta
1222 5241 1249 5288 et
1262 5233 1396 5292 ludibria?
1411 5239 1466 5296 litae
1483 5256 1589 5313 semper
1605 5244 1705 5300 instent
1717 5245 1828 5299 imane
1843 5251 1878 5293 tt·

293 5306 378 5367 llario
389 5312 565 5370 oonorbuisse
578 5325 606 5371 et
617 5331 633 5371 a
647 5314 709 5374 Sole
720 5318 903 5391 deprebensa,
916 5332 944 5379 et
956 5326 1077 5383 Vulcano
1127 5324 1186 5393 luti,
1204 5325 1250 5382 isti
1263 5325 1421 5401 plerumque
1441 5334 1570 5390 vanitati?
1580 5333 1634 5389 ilie
1648 5350 1749 5406 semper
1761 5335 1875 5390 bortenttt

294 5400 417 5469 prodita,
440 5404 590 5462 stabilio
614 5408 794 5469 adamantinis
812 5415 914 5471 camnis
937 5432 991 5472 una
1015 5433 1077 5474 eum
1127 5418 1161 5473 ad
1182 5420 1301 5476 celestia
1315 5422 1403 5490 dona,
1428 5424 1473 5481 isti
1492 5429 1588 5486 crebro
1603 5431 1743 5502 depingant
1761 5420 1875 5483 enaim

295 5487 379 5544 llarte
399 5491 516 5563 pingitur
530 5492 613 5552 luisse
629 5497 757 5570 religarat
772 5500 836 5560 lime
848 5511 876 5559 et
893 5504 936 5560 his
957 5506 1076 5573 similia,
1126 5523 1239 5580 qumque
1261 5514 1420 5572 etcaduca?
1437 5517 1542 5586 Quanta
1556 5522 1629 5579 euim
1650 5518 1823 5579 orrrrcortltttii²
1843 5520 1873 5568 Ν

296 5587 396 5680 praet
407 5581 484 5637 nohis
500 5584 534 5639 ad
546 5588 720 5644 retexendum
730 5599 795 5647 sunt
809 5591 958 5663 fastidiosa,
969 5604 998 5653 et
1009 5611 1076 5667 poe·
1128 5598 1198 5655 inter
1209 5603 1237 5659 id
1254 5606 1325 5675 quod
1342 5621 1448 5678 semper
1465 5612 1570 5669 rerimti
1592 5614 1719 5679 innidtur,
1740 5617 1765 5667 et
1778 5609 1803 5665 il
1818 5601 1874 5675 grul

296 5672 332 5723 ‘ss
343 5681 400 5725 sire
407 5670 568 5743 philosophis
576 5678 696 5748 gentium
705 5681 748 5738 rel
759 5684 792 5741 ad
803 5690 964 5745 cantandum
973 5688 1075 5758 maria,
1128 5690 1285 5767 plemmque
1297 5698 1447 5769 veritatem,
1459 5703 1618 5779 plerumque
1632 5707 1764 5766 111ιὶ111111
1780 5696 1875 5767 mertui·
