4050 6192
228 264 281 327 ιιι
393 300 405 347 ,

669 264 698 320 n.
714 263 839 322 catull
858 261 964 321 ttttlxt
984 260 1060 318 OPP.
1080 253 1171 316 PARS
1189 257 1209 314 1.
1231 257 1351 315 sectio
1369 256 1408 315 lt'.

1808 250 1861 313 tte

200 373 203 377 ’
260 377 619 450 essojuhetzetennncum
633 394 710 449 arque
729 393 761 433 ac
780 378 918 433 lurtnuato
942 376 1055 445 prin-lt
1106 369 1179 424 Satis
1192 376 1234 423 est
1253 368 1332 436 regiae
1347 363 1501 422 eelsitudini
1533 370 1628 434 patens
1657 372 1686 417 ct
1712 365 1864 432 cognitum,

264 453 325 523 cipe
344 458 408 506 suut
421 448 577 520 pugilaturi.

265 544 381 598 Placide
394 540 541 612 parentelae
561 538 729 609 corrjrrnctio,
744 555 804 608 qnae
819 537 968 594 identitatis
983 538 1023 593 al·

229 622 381 669 ternanos
407 611 465 665 unit
489 609 672 678 amplexibus,
699 610 738 664 sic
763 616 805 664 est
820 609 921 664 nostris
940 608 1021 663 iniixa

229 682 396 754 precordiis,
411 681 450 735 sic
465 694 558 734 rerera
578 679 712 734 cornaluit
737 679 856 735 radicata
879 680 1020 744 tenaciter,

230 763 259 807 ιι
271 752 408 806 memoriae
420 766 454 804 no
470 758 518 803 tre
528 748 667 819 plantariis
681 750 699 802 ir
711 749 762 804 sita
774 747 874 817 iugiter
884 749 1022 813 emitescit,

230 820 302 892 qnod
326 822 396 874 inter
420 829 528 879 eutem,
557 835 672 888 ‘luorum
687 820 782 875 crebra
801 818 953 874 sollicitudo
972 834 1022 874 nos

230 891 323 954 allicit,
338 890 403 944 illud
417 889 530 943 inheret
542 889 681 957 potissime
693 890 762 943 rotis
776 888 886 949 nostris.
905 888 1023 955 qualiter

230 976 278 1017 vos
292 968 319 1014 ιι
332 960 461 1030 inclytum
476 957 588 1027 liquos
603 968 632 1011 nt
643 974 753 1013 carnem
764 974 798 1012 ex
814 972 896 1013 earne
918 969 1020 1023 nostra,

228 1040 259 1086 ct
278 1032 352 1083 velut
365 1045 396 1085 os
410 1045 442 1083 cr
455 1028 562 1084 ossibus
575 1028 676 1083 nostris
688 1028 829 1099 amplexo.
847 1029 962 1097 sinuque
974 1044 1024 1097 pa-

231 1111 311 1154 terno
324 1098 454 1154 iorendos
477 1098 658 1168 sumpsimus,
673 1115 689 1152 a
707 1098 849 1168 tyrannide
860 1090 942 1168 wo
957 1095 1023 1153 iuri-

232 1170 321 1224 liunda
350 1166 535 1238 persecutoris
552 1168 637 1237 iniqui
663 1169 798 1250 possimos
824 1167 971 1236 eriperer,
990 1183 1023 1223 ae

232 1241 311 1295 avitae
323 1237 489 1293 haereditatis
504 1247 601 1292 restrae
616 1237 749 1293 lumeulos
774 1238 900 1307 congruis
925 1237 1024 1293 linibus

231 1309 372 1378 ampliare.
389 1307 435 1364 Sic
447 1308 518 1361 enim
539 1307 716 1377 proculdubio
731 1309 808 1363 nobis
824 1316 867 1362 est
894 1306 970 1362 cordi
995 1316 1024 1362 rt

230 1395 304 1434 eure
315 1377 380 1433 illud
395 1377 568 1445 magnifieum
580 1386 607 1431 et
616 1376 749 1434 taurosum
759 1376 902 1447 ilungariae
911 1392 1023 1447 regnum

231 1449 259 1505 ia
271 1449 389 1518 antiquae
402 1447 494 1517 gloriar
506 1445 624 1501 fascibus
641 1448 759 1503 rediviva
780 1446 970 1501 informatione
983 1447 1024 1501 di-

231 1520 331 1587 rigere‚
343 1520 436 1586 sieque
449 1517 509 1586 ipso
524 1516 609 1570 illaeso
622 1517 803 1587 persecutoris
826 1516 898 1571 iliius
919 1516 1024 1581 illidere

232 1588 378 1645 terionem.
392 1592 464 1657 quod
479 1585 551 1640 indta
563 1601 674 1655 prorsus
686 1602 863 1656 personarum
875 1594 922 1639 ant
932 1600 1023 1655 rernm

232 1657 371 1727 dispendia
388 1657 491 1711 evitare
505 1655 689 1725 proponimus,
707 1658 772 1726 quin
792 1656 826 1709 ad
842 1657 1021 1711 cdrurandunr

232 1725 353 1795 ejusdem
368 1726 480 1781 fastuosi
504 1725 658 1794 superbiant
675 1726 726 1781 sub
740 1726 896 1781 victricibus
913 1726 985 1794 aquil
996 1740 1021 1790 s,

233 1798 301 1852 duce
328 1795 441 1851 Domine
470 1796 658 1859 exerctrnnnr,
679 1796 859 1853 intendamus.
881 1794 916 1850 Ul
937 1797 1024 1851 discat

232 1866 346 1929 ararnio,
367 1865 455 1935 posito
480 1864 624 1934 sirpercilio
646 1867 858 1936 perseipsum,
891 1866 1025 1934 quamsit

232 1936 330 1989 dnrnm
339 1934 589 2006 quanqoedidrctlc
598 1945 693 1990 eontra
706 1936 842 1990 stinnrlum
850 1936 1023 1990 calcitrareb.

232 2005 353 2076 Eiaergc
367 2006 502 2076 princeps,
516 2006 541 2060 in
552 2020 631 2073 quem
642 2021 804 2075 proarornnr
815 2021 945 2076 generosa
955 2014 1026 2060 stre·

232 2076 324 2131 onitas
339 2075 411 2131 vires
421 2087 449 2130 et
462 2075 744 2130 animos'deriratione
761 2077 879 2147 gratnita
894 2090 1025 2145 propaga-

233 2146 289 2209 rit,
304 2146 392 2200 ririrm
401 2144 503 2200 induite
515 2146 676 2209 virtuosum,
687 2161 735 2200 ros
745 2149 843 2199 rotmre
858 2144 1025 2200 lortitrnlinis

230 2217 413 2287 ricehrgcutes.
429 2214 595 2270 Cerrirdimus
608 2224 697 2269 autem
714 2216 844 2269 indicina
863 2214 1023 2280 clementia,

230 2288 302 2356 qaod
316 2302 368 2342 non
379 2286 466 2340 decrit
477 2286 553 2340 robis
561 2300 672 2357 prosper
681 2292 793 2340 creatus
803 2285 837 2339 ad
845 2285 947 2345 enada.
959 2286 1024 2340 duru

231 2359 259 2411 in
272 2372 353 2411 cansa
365 2353 438 2411 scili
452 2364 479 2409 et
488 2371 564 2427 nequa
574 2355 734 2421 militabitis,
745 2366 773 2409 ct
782 2356 832 2411 sub
844 2355 966 2427 principe
978 2370 1025 2409 ze·

232 2426 318 2481 latore
330 2425 444 2496 justitiae
458 2424 595 2479 iortnrrato
613 2436 636 2478 ι.

459 2515 538 2587 401
551 2514 718 2571 EPlSTOLll
733 2515 805 2570 xltl.

253 2606 407 2679 lindolphus
419 2608 511 2660 ducem
526 2605 655 2660 exercilus
674 2607 708 2659 ud
730 2606 852 2660 militium
871 2607 963 2661 inritat
981 2607 1006 2661 d.

385 2697 448 2771 (dn.
463 2696 542 2752 Dnm.
556 2696 635 2763 leto,
652 2697 710 2751 cod.
724 2695 796 2751 nor.
813 2697 885 2767 uxr.)

233 2789 434 2844 dncuuearuu.
458 2818 495 2829 -
512 2788 613 2844 bucern
640 2804 702 2844 euru
746 2796 804 2842 arte
831 2788 970 2859 copiarum
998 2790 1026 2846 in

271 2859 421 2929 provintias
437 2858 552 2929 imperio
566 2874 694 2929 recupera
751 2876 764 2913 s
787 2862 967 2981 qrnendssum,
991 2862 1028 2917 ob

270 2944 316 2984 res
333 2930 464 3000 praeclare
481 2937 571 2999 gestas
581 2929 689 2983 eximiis
703 2926 781 2983 eden
801 2929 931 2995 audibam
946 2931 1028 3000 eique

269 3000 384 3053 nuntiat.
405 3014 435 3053 se
463 2998 618 3068 propediem
634 2998 820 3068 protecturum
848 2998 1027 3055 industriam

1073 450 1173 508 quanta
1187 440 1214 493 in
1225 449 1250 492 te
1262 437 1349 491 virtus
1360 437 1471 497 eniteat,
1480 433 1634 489 satisclaris
1646 443 1675 488 et
1685 433 1798 503 placidis
1807 434 1866 489 clu·

1072 511 1156 565 ceseit
1173 508 1279 563 indiciis
1295 515 1324 561 et
1337 506 1450 560 notoriis
1462 505 1559 559 claririt
1574 505 1751 574 argumentis,
1761 516 1866 574 quanta

1072 580 1242 634 strenuitatis
1254 585 1281 632 et
1293 576 1356 630 lidei
1367 575 1461 631 rutilas
1476 574 1603 643 puritate,
1617 575 1681 629 dum
1694 584 1794 631 nostrae
1805 575 1866 645 gb)-

1074 650 1121 705 riae
1132 648 1286 704 sitibundos
1298 656 1326 701 et
1340 644 1445 710 aridus,
1499 659 1641 698 rsonarum
1655 652 1684 698 et
1699 660 1790 700 rerum
1807 648 1866 700 dis·

1072 720 1169 788 pendia
1181 734 1235 772 non
1246 717 1360 777 evitans,
1371 715 1405 770 ad
1412 660 1604 771 cxaffiumem
1617 714 1723 784 imperii
1738 714 1868 784 prosilire

1073 805 1126 843 non
1154 803 1246 842 cessas
1268 786 1432 855 intrepidus,
1451 783 1561 839 creditae
1582 784 1631 838 tibi
1647 793 1749 839 nostrae
1763 784 1868 839 militiae

1073 858 1181 929 agmina
1193 856 1310 929 gloriose
1332 870 1365 909 ac
1387 862 1497 910 strenue
1509 853 1649 923 dirigendo
1664 866 1687 908 ⁰.
1709 854 1797 924 Super
1812 869 1869 924 qno

1073 929 1167 997 utique
1197 936 1249 982 tute
1266 926 1445 989 constantiae,
1467 939 1528 994 quse
1547 925 1575 977 in
1594 924 1685 992 operis
1699 924 1869 980 exhibitione

1073 997 1247 1067 complacuit,
1262 995 1483 1051 commendamus
1493 991 1629 1049 ellectum.
1646 993 1717 1048 Sane
1734 1004 1781 1048 tna
1795 994 1870 1047 rolu-

1073 1084 1134 1122 mus
1147 1065 1281 1121 desideria
1296 1079 1349 1119 non
1371 1064 1471 1127 latere,
1496 1063 1568 1133 qnod
1593 1063 1621 1116 in
1646 1065 1788 1133 monimo,
1812 1064 1870 1119 beu

1073 1137 1151 1202 duce,
1164 1137 1197 1189 ad
1210 1145 1302 1207 partes
1319 1135 1436 1189 Austrire
1452 1135 1479 1188 iu
1492 1132 1566 1203 regio
1576 1141 1717 1203 potentatu
1739 1143 1767 1187 et
1786 1148 1869 1205 appa·

1074 1217 1134 1261 rato
1147 1210 1291 1276 magnilica
1311 1220 1360 1260 nes
1372 1203 1498 1260 conterre
1512 1204 1699 1271 disponimus,
1715 1204 1796 1274 digna
1818 1218 1869 1273 pro

1074 1277 1180 1331 meritis
1200 1285 1226 1331 te
1255 1275 1434 1357 beneficentia
1457 1273 1605 1328 liberaliter
1630 1274 1813 1354 praeventuri,
1839 1280 1869 1354 et

1070 1345 1150 1428 juata
1159 1347 1299 1426 industriae
1313 1354 1368 1401 tate
1381 1342 1524 1399 consihum
1534 1343 1589 1397 line
1600 1344 1714 1397 salutari
1732 1343 1740 1383 1
1758 1350 1868 1414 negotio

1241 1453 1250 1470 ι
1292 1502 1555 1581 annecterent
1571 1502 1655 1559 Xllll.

1075 1614 1230 1673 mmm
1264 1619 1474 1689 “mmmm
1508 1616 1718 1688 Sodrterpemn
1757 1615 1866 1674 maclou

1037 1723 1061 1783 B
1110 1704 1172 1743 ruas
1205 1689 1364 1743 dioeccronor
1392 1705 1409 1741 ι
1430 1689 1584 1758 incremento
1614 1689 1732 1758 prestito
1761 1688 1869 1743 otum

1109 1759 1232 1829 principi.

1222 1848 1284 1919 (ιιι.
1298 1846 1376 1902 Dnm.
1393 1847 1470 1911 letti,
1485 1848 1544 1902 cod.
1560 1847 1631 1902 liud.
1644 1847 1726 1919 xxrr.)

1074 1938 1273 1995 enconcnruu.
1292 1968 1327 1978 -
1337 1938 1561 2007 archiepiscopus
1574 1936 1789 2006 salisburgensis
1803 1954 1869 2010 pro*

1086 2072 1090 2077 ¹
1111 2008 1241 2064 viriciales
1254 2024 1318 2064 suos
1330 2024 1345 2063 a
1356 2007 1512 2075 juramento
1525 2008 1662 2063 lidclitatis
1676 2010 1801 2074 absolsit,
1814 2023 1870 2078 quo

1111 2080 1167 2149 regi
1183 2080 1363 2160 Bellernorunr
1375 2079 1616 2201 astrinqehantur;
1636 2092 1669 2133 ac
1690 2078 1723 2134 de
1738 2078 1872 2159 suffraga-

1112 2163 1226 2204 neurnm
1237 2148 1349 2204 consrho
1362 2161 1391 2202 se
1402 2156 1466 2202 anat
1486 2161 1769 2218 emarcpereussurum
1783 2163 1872 2203 mora·

1113 2225 1156 2273 tur
1171 2233 1358 2288 quemcunque
1371 2216 1517 2286 juramenti
1528 2216 1587 2285 ejus
1597 2218 1709 2273 obtentu
1718 2234 1772 2273 non
1781 2218 1873 2273 adire·

1112 2298 1219 2344 rentem
1239 2289 1390 2357 liudolpho.

1112 2378 1265 2435 Fridericus
1277 2378 1325 2435 bct
1335 2377 1667 2447 gratia,etc.,omoisboni
1676 2379 1872 2449 plenitudinem

1078 2463 1140 2503 enm
1154 2449 1251 2504 salure.
1278 2448 1318 2502 Ex
1330 2463 1384 2517 quo
1395 2444 1571 2515 iurisiurandi
1597 2461 1690 2505 sarreia
1706 2450 1799 2520 religio
1813 2467 1872 2507 nou

1076 2528 1118 2573 est
1130 2516 1282 2587 iniquitatis
1295 2517 1441 2580 vinculum,
1453 2519 1501 2573 sed
1510 2519 1681 2585 confirmatio
1696 2520 1785 2588 potius
1797 2521 1873 2575 reri·

1078 2587 1150 2652 latis,
1165 2591 1215 2642 riri
1226 2588 1372 2657 prudentes
1387 2596 1413 2642 ιι
1426 2589 1541 2659 previdi,
1556 2588 1589 2643 rie
1608 2606 1722 2658 cruorum
1737 2605 1785 2645 ros
1812 2606 1869 2644 nu·

1079 2673 1154 2712 mero
1168 2659 1345 2722 aestimamus,
1360 2657 1425 2712 iliud
1458 2658 1517 2713 lene
1531 2658 1684 2730 intelligunt
1708 2668 1736 2713 et
1755 2659 1874 2715 laeiliter

1078 2729 1295 2799 apprehendum,
1319 2729 1391 2798 quod
1416 2674 1515 2784 ilflrstri
1529 2730 1644 2798 principi
1667 2730 1699 2781 ii.
1721 2744 1770 2799 per
1783 2738 1875 2783 roset

1079 2801 1147 2852 alios
1172 2799 1292 2869 praestita
1308 2808 1478 2853 sacramenta
1495 2798 1625 2853 adversus
1647 2814 1756 2854 sacrum
1783 2799 1874 2868 impe·

1079 2870 1160 2934 riunr,
1175 2870 1367 2937 dominumque
1379 2879 1498 2922 restrum
1523 2870 1736 2930 sereniss'nrnrm,
1754 2881 1804 2923 nec
1831 2879 1874 2923 te·

1079 2949 1154 3001 nent,
1170 2954 1221 2993 nce
1236 2936 1320 3009 ligant
1332 2953 1390 3000 vos,
1405 2938 1581 3006 quodeontra
1596 2936 1873 3007 ducernetjnstitiarn

1080 3018 1236 3078 statumque
1253 3008 1408 3078 reipublice
1433 3007 1552 3063 indebite
1576 3017 1639 3062 sunt
1659 3017 1767 3064 extorta
1782 3009 1815 3073 ll;
1843 3018 1873 3062 et

269 3078 331 3124 eum
344 3068 488 3139 magnilica
495 3075 635 3138 apparato,
646 3069 773 3141 regiaque
782 3068 857 3124 illum
869 3069 1064 3156 tennibero-c
1079 3079 1208 3161 qnoniam
1236 3079 1331 3133 eadem
1347 3077 1501 3146 juramenta
1526 3079 1665 3133 observari
1692 3094 1746 3135 non
1760 3088 1876 3147 possnnt

272 3139 310 3193 tia
322 3147 542 3209 prosecuturum.
617 3213 622 3221 ι

1078 3163 1139 3204 arne
1166 3147 1322 3218 prejudicio
1347 3157 1444 3204 restrae
1460 3148 1555 3203 salutis
1571 3156 1599 3203 et
1618 3149 1724 3205 mortali
1751 3150 1877 3219 periculo

273 3272 494 3345 nlingnahnjus
512 3274 632 3345 epistolar
658 3275 807 3331 similitudo
825 3291 887 3332 cunr
901 3276 1026 3332 sextade-
1077 3274 1146 3345 ipso,
1160 3276 1361 3330 eumdemeum
1385 3284 1483 3330 restrae
1509 3275 1646 3329 sanctitati
1663 3274 1816 3345 placuerit,
1844 3284 1877 3331 ιι

233 3346 306 3400 eima
331 3344 397 3398 lacit
420 3354 450 3401 nt
466 3346 556 3401 rimam
572 3354 716 3415 utramque
727 3349 835 3402 credam
851 3362 905 3401 urio
917 3348 1026 3402 codem-
1077 3348 1165 3400 risum
1178 3344 1259 3399 luerit
1269 3353 1462 3419 opportunum,
1478 3344 1512 3399 ad
1530 3344 1678 3413 imperialis
1693 3344 1794 3415 lastigii
1814 3346 1877 3400 dia-

232 3430 287 3482 quc
301 3414 564 3484 teopomcnorqoc
577 3416 729 3484 inutraque
744 3417 761 3470 ii
775 3417 963 3472 adulescentes
981 3432 1026 3472 re·
1078 3417 1155 3469 derna
1169 3416 1319 3485 dignemini
1334 3415 1548 3470 misericorditer
1561 3428 1675 3470 evocare
1688 3434 1694 3466 r
1708 3417 1834 3471 utscinut
1844 3424 1878 3470 ct

232 3485 270 3555 gii
285 3484 401 3553 adoptati
420 3483 656 3548 discernentem
678 3501 721 3539 rue
735 3502 789 3540 nou
808 3486 958 3557 intelligere
977 3502 1027 3541 cur
1077 3484 1229 3541 irrteliiuant
1240 3485 1370 3548 rrrrircrsi,
1382 3486 1453 3555 qnod
1465 3485 1587 3555 posuerit
1598 3499 1647 3540 ros
1660 3486 1686 3539 in
1701 3486 1787 3540 lucem
1806 3501 1876 3565 gerr-

232 3555 383 3609 rlustriacae
401 3554 523 3611 historie
548 3563 643 3609 auctor
662 3553 785 3610 Gerardo
810 3556 922 3611 nimiam
945 3556 1025 3611 iidem
1062 3554 1144 3628 tium
1183 3556 1299 3619 antinus,
1312 3566 1339 3610 ιι
1352 3562 1511 3625 porcestre
1529 3555 1700 3611 discretionis
1718 3556 1875 3621 arbitrnrm,

235 3622 677 3748 Qilfflbfflss³⁶⁰9ffil⁰n⁸2¹³dlffbef²²
692 3626 890 3694 insequentem
913 3642 1024 3683 ιιιιιιιιιι.
1077 3625 1137 3680 orbi
1168 3634 1248 3681 terne
1277 3634 1339 3697 post
1366 3625 1489 3681 nubilum
1518 3633 1645 3693 exoptata
1670 3626 1878 3680 serenitaselu-

260 3709 267 3746 ι
315 3709 329 3748 s
368 3709 397 3748 ra
425 3696 595 3759 co.ii,n.
641 3734 648 3747 .
1078 3706 1205 3750 ccscat.»

272 3696 492 3821 trisuleo(tcro
525 3698 771 3836 verbisltlngarha
804 3781 932 3835 proceres
958 3764 1020 3821 allo·
1112 3764 1262 3827 dLector,
1292 3764 1374 3832 index
1405 3772 1481 3829 esto,
1514 3779 1577 3818 nom
1608 3764 1702 3819 titulus
1729 3767 1877 3819 comeniat

234 3832 339 3902 quitur.
1078 3835 1208 3903 epistole.
1237 3834 1323 3906 liegio
1352 3835 1483 3889 exercitui
1507 3850 1553 3889 rer
1586 3835 1644 3904 ipse
1669 3852 1730 3890 cunr
1761 3851 1815 3889 nno
1840 3854 1875 3891 ιι

271 3902 406 3959 ⁰Vanum
418 3913 491 3959 esset
505 3912 608 3959 tantum
622 3906 782 3975 principem,
798 3906 933 3974 tantisque
945 3921 1027 3959 orna·
1078 3904 1140 3959 liliis
1161 3916 1277 3974 praeerat
1300 3903 1434 3974 :jamque
1457 3905 1546 3958 omnia
1572 3913 1651 3959 erant
1678 3906 1810 3974 disposita
1838 3914 1875 3961 al

235 3981 292 4027 tum
304 3972 450 4029 iirtutibus
462 3990 523 4029 cum
537 3976 644 4030 tasarc
658 3977 752 4031 aliisve
764 3977 881 4031 ethnicis
896 3974 1027 4045 principi·
1050 4040 1052 4045 Ι
1078 3976 1239 4029 nrovendom
1255 3984 1352 4030 castra.
1367 3974 1442 4030 Tunc
1457 3989 1520 4029 rere
1532 3976 1663 4029 exercitui
1675 3974 1764 4029 eidem
1776 3979 1876 4044 quaerit

233 4044 515 4111 lineamentarem
538 4045 691 4116 Errgelberti
717 4045 885 4101 coloniensis
907 4045 1027 4116 episcopi
1079 4044 1195 4098 elucent?

233 4112 419 4167 testimonium
444 4114 552 4170 silentio
565 4117 698 4185 preteriri
713 4132 766 4170 non
790 4116 879 4177 dehet,
900 4116 946 4185 qui
960 4114 1028 4169 Gre-
1117 4114 1335 4168 ehleinhardum
1354 4113 1479 4169 comitem
1495 4112 1677 4169 Tirolensinm
1700 4116 1875 4184 premissum

232 4181 351 4252 gorioll
372 4183 490 4239 electum
512 4200 603 4256 regern
629 4184 812 4240 Romanorum
834 4186 875 4240 sic
898 4185 1028 4239 describit
1079 4181 1162 4238 luisse
1176 4183 1203 4237 in
1219 4184 1376 4252 Styriaroet
1389 4184 1557 4239 t'arinthianr
1573 4195 1700 4239 auctores
1716 4195 1876 4241 constante

233 4251 313 4311 ruod.
328 4249 429 4307 Gerar.
442 4271 485 4324 op.
498 4266 568 4308 unct.
581 4255 651 4307 Pici.
668 4254 757 4307 Αιιιι,
773 4256 792 4308 1.
808 4271 827 4319 ι,
840 4253 938 4323 ι.1,ρ.
962 4255 1024 4326 dih
1080 4255 1197 4307 trmlunt.
1213 4252 1339 4318 Quicum
1354 4252 1512 4323 liudolphus
1526 4253 1666 4307 Patavium
1688 4259 1813 4323 pervenit
1826 4258 1874 4312 die

237 4345 246 4372 ι
260 4323 293 4378 Et
307 4331 337 4376 ut
349 4323 383 4378 de
394 4337 423 4381 ne
443 4323 466 4379 is
473 4324 562 4389 electi,
572 4325 611 4379 sie
622 4332 650 4378 et
660 4327 782 4378 coronati
794 4339 909 4393 persona
920 4339 1024 4379 sacros.
1079 4324 1113 4376 *lli
1127 4322 1304 4392 Septembris,
1320 4323 1347 4377 in
1361 4324 1458 4378 castris
1467 4323 1547 4393 regiis
1558 4323 1702 4393 reperitur,
1717 4324 1875 4398 diciturque

236 4393 364 4447 ltanranae
376 4340 503 4450 Ecciesiae
520 4395 616 4449 matris
630 4400 729 4448 nostrae
740 4409 810 4447 nora
821 4393 919 4463 gandia
930 4409 1026 4457 cumu-
1078 4400 1289 4462 utrarnqueraru
1298 4394 1465 4462 provinciam
1477 4393 1600 4463 adegisse
1608 4394 1634 4447 in
1644 4394 1873 4462 veroatlenrrar,

235 4463 344 4524 lentur,
364 4462 436 4516 idern
460 4478 507 4518 rer
526 4474 569 4519 est
592 4464 645 4519 lide
662 4462 823 4529 catholicus,
848 4463 1025 4519 ecclesiarum
1041 4443 1129 4518 Dnisi
1141 4462 1174 4517 ad
1190 4468 1261 4517 hunc
1273 4474 1413 4519 strenuuin
1425 4464 1521 4519 ducem
1533 4463 1647 4531 epistola
1656 4462 1718 4517 data
1731 4476 1783 4519 est.
1798 4466 1873 4533 Quin

235 4542 352 4594 ornator,
383 4531 496 4598 iustitiae
522 4534 625 4597 cultor,
649 4534 755 4603 pollens
777 4533 902 4598 consilio,
920 4534 1025 4601 fulgens
1076 4532 1673 4656 etianrhlbertnsprimogenituslludolphi,
1710 4549 1772 4589 uem
1787 4549 1872 4606 snpra

234 4601 347 4681 pictate,
375 4603 493 4681 propriis
511 4603 741 4673 potcrrsrtrihus,
760 4614 788 4659 et
812 4605 957 4659 multorum
979 4620 1026 4674 po·
1076 4603 1193 4659 vidimus
1214 4602 1306 4675 (epi
1334 4610 1343 4676 ι
1366 4603 1536 4674 ιιιιιιιιιιιιιι
1562 4606 1622 4672 par-i
1653 4618 1679 4655 ru
1716 4618 1733 4657 o
1765 4606 1791 4658 in
1816 4608 1873 4659 ltu·

236 4670 490 4728 tentrumalbrrtate
503 4688 651 4738 conamus,
675 4674 740 4739 Deo,
757 4685 788 4729 ut
803 4675 918 4730 tirmiter
931 4675 1026 4745 opina·
1076 4674 1150 4730 striae
1168 4673 1332 4744 provincias,
1351 4689 1412 4729 curu
1427 4673 1527 4729 comite
1549 4671 1705 4727 lleinlmrdu
1723 4673 1807 4729 luisse
1830 4676 1874 4728 ri·

236 4754 306 4801 nrur,
322 4740 455 4802 amabilis.
467 4750 496 4797 ct
511 4743 637 4799 haimonis
648 4744 811 4812 aspectibus,
837 4753 869 4799 ut
891 4746 1023 4808 cernitur,
1076 4746 1165 4799 detur.
1186 4743 1266 4800 Certe
1289 4759 1351 4799 cum
1366 4744 1469 4798 credita
1481 4743 1533 4798 sibi
1551 4743 1647 4797 militia
1675 4756 1719 4797 res
1747 4752 1874 4814 gesserat

235 4809 385 4877 gratiosum
400 4812 783 4883 insupercmrporestrenuns,
797 4816 1027 4871 etinrebusbel-
1077 4815 1189 4883 dignas,
1230 4829 1291 4884 quae
1322 4832 1337 4868 a
1369 4813 1511 4883 [ludolpho
1542 4814 1660 4867 maxime
1696 4815 1874 4871 cemmenda-

235 4878 402 4937 lieiscuntru
417 4880 539 4938 inlideles
556 4883 718 4939 lortonatns.
738 4884 854 4956 Propter
868 4885 940 4955 quod
961 4899 1025 4954 spe·
1077 4892 1182 4939 rentur.
1331 4884 1334 4889 ’

235 4962 330 5005 murus
341 4948 369 5003 in
382 4965 416 5006 eo
426 4952 472 5022 qui
487 4968 566 5022 reges
587 4963 615 5009 et
628 4968 709 5024 regna
724 4955 874 5019 constituit,
889 4954 961 5024 quod
975 4955 1026 5010 sub
1116 4953 1125 4993 1
1142 4952 1192 5008 llic
1206 4953 1313 5008 ridetur
1325 4952 1425 5023 aliquid
1437 4953 1542 5009 deesse.

235 5018 295 5084 eins
308 5018 461 5091 principatu
481 5024 594 5093 pacifica
609 5038 687 5093 quies
712 5039 796 5096 regno
807 5025 958 5095 proveniet,
973 5041 1026 5094 par
1114 5023 1240 5078 ‘Eodem
1250 5025 1376 5077 hocanno
1387 5024 1509 5093 Philippo
1516 5022 1664 5077 carinthiae
1675 5022 1742 5078 duce
1752 5017 1871 5092 delecto,

235 5089 368 5155 eeclesiis,
381 5094 526 5150 eoncordia
539 5094 672 5165 plebibus,
686 5102 714 5149 ιι
725 5097 846 5151 moribus
857 5095 999 5165 disciplina
1016 5112 1023 5148 ι
1077 5092 1265 5149 liciebat-dum
1288 5093 1435 5162 provinciis
1456 5092 1593 5162 prefecit,
1622 5101 1652 5147 ut
1677 5094 1873 5150 animadvertrt

236 5158 360 5230 itaquel
373 5160 653 5232 gladiiconbabnntur
667 5166 694 5219 in
708 5179 841 5232 vomeres,
850 5182 933 5220 eomu
948 5164 1028 5220 chri·
1077 5164 1186 5219 llansiz.
1198 5162 1298 5235 (Germ.
1313 5162 1376 5218 Sne.
1394 5172 1459 5218 torn.
1469 5163 1501 5227 11,
1512 5161 1622 5235 palii),
1632 5162 1709 5231 cujus
1718 5164 1800 5218 rerba
1816 5180 1871 5218 oon

237 5231 272 5284 sti
282 5230 325 5286 sui
337 5246 353 5284 a
366 5245 430 5302 rege
441 5248 534 5304 regum
549 5235 855 5305 magnilicesubiimato.
870 5236 925 5289 tos
936 5235 1028 5305 itaque
1077 5234 1221 5305 negligam.
1238 5253 1247 5282 r
1264 5234 1332 5287 Corn
1347 5231 1505 5301 liudolphus
1528 5246 1599 5286 anno
1625 5233 1693 5287 leit
1714 5234 1872 5304 provincias

237 5316 402 5369 numanus,
420 5314 498 5372 pater
519 5316 628 5369 sancte,
648 5304 777 5375 suscipite
800 5306 885 5360 lilium
909 5305 1028 5375 singula-
1077 5311 1246 5375 occupasset,
1272 5318 1318 5358 eas
1331 5319 1384 5357 noo
1398 5301 1532 5374 Philippo,
1554 5303 1600 5356 sed
1615 5301 1774 5359 lleinhardo
1792 5303 1869 5358 Tire·

238 5381 399 5440 remearem
412 5374 506 5442 procul
520 5375 603 5430 dubio
618 5377 740 5431 sentietis
752 5376 915 5445 intrepidum
932 5375 1029 5431 matris
1078 5374 1193 5430 iensrnrn
1212 5372 1315 5437 comiti,
1335 5380 1443 5443 propter
1472 5371 1579 5444 egregie
1607 5383 1733 5429 navatam
1759 5388 1776 5427 o
1812 5388 1871 5428 ram

239 5440 365 5497 lleeiesiae
374 5442 503 5514 pagtlem,
516 5452 545 5500 et
559 5444 688 5500 invictum
705 5447 766 5502 lidei
784 5444 1028 5502 catholicudcleo·
1079 5445 1215 5500 tradidit:
1235 5443 1360 5515 Philippu
1391 5442 1527 5497 moraturo
1556 5457 1634 5498 snum
1668 5443 1739 5515 apud
1795 5446 1872 5498 rhem

238 5525 340 5565 uorem
355 5510 515 5569 ermon
527 5530 590 5571 vero
604 5526 660 5570 tarn
670 5516 732 5582 rite,
751 5524 807 5573 ιιιιι
821 5518 952 5588 pronde,
972 5524 1028 5569 tarn
1078 5513 1267 5581 Chrembsiuru
1291 5516 1325 5569 ad
1344 5512 1447 5569 exitum
1473 5528 1559 5584 usqne
1583 5513 1726 5570 tolerante.
1750 5514 1876 5569 bcoessn

239 5588 345 5636 mature
364 5582 397 5637 de
412 5582 471 5653 ipso
481 5584 521 5640 sic
536 5585 667 5651 habitum,
685 5587 811 5657 gratiose
826 5585 1030 5656 appmhationis
1079 5596 1123 5638 ao.
1140 5582 1218 5638 tata.
1239 5602 1249 5635 ι

240 5649 369 5717 applausu
380 5652 511 5711 herrerolo
523 5669 734 5736 prosequentes,
754 5673 832 5712 acer
846 5656 965 5711 attinenti
984 5672 1027 5727 pa·
1115 5656 1129 5694 h
1149 5652 1378 5721 Qrimjuramenta
1391 5653 1546 5709 ottocarus
1572 5654 1732 5720 extorscrit,
1745 5653 1808 5709 ride
1826 5667 1875 5709 ul·

241 5723 325 5773 ternae
342 5721 483 5779 dulcedine
507 5727 615 5795 prumtis
642 5743 711 5796 opns
736 5725 906 5798 perficientes
930 5727 977 5780 [ιιι
1001 5729 1028 5782 in
1079 5739 1196 5795 praep.
1219 5724 1259 5777 td.
