4050 6192
154 346 224 405 troo
289 362 328 375 ··
544 348 634 406 stum
650 348 822 407 cannam.
841 379 877 390 -
895 346 1008 405 cteta.
1029 348 1074 405 nn
1092 346 1188 406 tuae.
1207 380 1242 390 -
1260 332 1326 409 ito.
1345 350 1388 406 tu.
1722 331 1792 415 trin

153 481 188 523 ne
203 463 363 538 populorum
381 472 486 522 mentes
499 463 636 523 satiendas
652 466 777 532 innuunt,
792 464 853 522 ideo
869 464 941 536 ligna
957 463 1071 531 AQnod
1091 464 1114 519 si
1134 464 1177 520 itm
1195 479 1239 521 res
1256 465 1283 520 in
1302 465 1401 535 quibus
1425 466 1554 523 mimcnla
1576 484 1726 542 apparuere
1745 478 1795 533 ad.

153 554 944 628 adorandasuatlb'unquidquiaserpentiseneiinspectio,
996 554 1106 611 orando>
1127 569 1182 610 non
1200 562 1273 620 sunt,
1293 554 1469 612 multominus
1492 557 1625 630 imagines
1648 562 1792 620 adorandae

153 650 200 721 qni
212 647 314 705 Christi
327 655 441 704 mortem
454 646 638 719 praefigurarit
654 647 681 701 in
694 646 769 716 ligno
787 644 946 717 populum
995 648 1153 713 ereduntur,
1173 648 1201 704 in
1219 648 1318 718 quibus
1336 647 1378 704 tel
1397 663 1447 720 per
1470 662 1539 719 quas
1561 652 1685 720 quasdam
1708 654 1791 710 mam.

10 716 12 731 ’
117 771 122 776 ·
153 750 309 811 serpentum
322 738 467 804 morsibus,
481 738 570 805 idest,
584 739 618 795 ab
633 739 777 809 spirituum
794 737 949 795 immundo·
996 737 1057 795 cula
1086 738 1259 811 apparuisse,
1287 738 1361 794 nulla
1390 738 1546 797 authentica
1574 740 1690 799 lectione
1713 759 1791 801 mon-

153 846 214 886 rum
237 827 385 886 mortiferis
409 829 628 898 persuasionibus
653 828 784 896 saltavit,
813 827 874 885 ideo
899 837 948 885 aut
996 840 1112 890 stratur.

152 940 190 980 aes
205 930 252 979 aul
265 931 405 993 serpentes
417 921 546 978 adorandi
563 922 727 979 creduntur?
742 921 868 993 Nunquid
883 922 947 993 quia
1280 942 1396 1001 ggpup
1409 941 1506 1000 mg

152 1032 280 1087 percussa
291 1016 359 1072 siler
370 1015 474 1071 eiusde
485 1016 512 1070 ia
524 1016 597 1071 arvis
607 1016 717 1073 blicam
736 1015 836 1072 llueeta
850 1016 948 1087 pmtln-
997 1022 999 1025 ’

152 1108 203 1174 xit,
223 1116 252 1162 et
270 1106 406 1162 sitientem
428 1105 556 1176 poprium
581 1104 641 1161 sitis
664 1104 790 1162 ariditate
810 1105 945 1172 liberarit,
996 1101 1075 1171 Quod
1088 1102 1240 1158 Tlrcodorua
1257 1100 1380 1158 llirenaia
1462 1101 1678 1174 optandicniote
1691 1111 1793 1175 ripae·

151 1215 213 1269 qure
227 1198 354 1253 nimirum
367 1196 468 1253 cnr-isti
483 1195 597 1266 liguram
608 1194 701 1267 gessit,
715 1194 897 1266 quiestlapis
912 1196 947 1252 de
1033 1173 1220 1245 'immistis
1237 1172 1386 1245 illi‘il’llw
1414 1188 1477 1226 Μ
1492 1173 1672 1227 mistim
1689 1182 1791 1229 ‘W‘

152 1301 244 1350 nrontc
269 1292 393 1347 abscisus
417 1290 476 1345 siue
500 1287 625 1344 manibus
651 1287 871 1357 praecidentium,
899 1287 946 1359 qai
1016 1360 1019 1365 ἢ
1031 1313 1103 1369 mg,

152 1383 313 1455 evangelica
324 1378 526 1453 praedicationis
539 1378 647 1435 liuentis
660 1378 733 1433 sitim
748 1377 947 1435 incredulitatis

151 1492 167 1530 a
190 1473 310 1531 lidelium
331 1472 467 1529 mentibus
484 1470 569 1542 lugat,
588 1471 634 1541 qui
651 1470 771 1541 quotidie
787 1469 901 1536 intonat,
922 1471 946 1526 ti
1031 1469 1099 1529 Cum
1118 1470 1146 1526 in
1163 1469 1258 1525 eadem
1274 1468 1403 1524 vanitatis
1423 1467 1540 1529 lectione
1557 1482 1639 1537 quam
1654 1465 1693 1523 illi
1708 1465 1791 1539 septi-

150 1567 208 1634 qnis
221 1566 277 1621 sitit
289 1564 375 1620 ιιιίιι
388 1563 424 1619 oti
435 1579 476 1618 nte
486 1573 511 1618 rt
521 1562 592 1618 bibet
603 1561 694 1636 (ioan.
705 1560 765 1633 ιιι),
778 1562 840 1618 ideo
849 1571 897 1619 aut
907 1561 947 1618 la-
994 1577 1048 1617 mae
1060 1559 1155 1632 synodi
1170 1559 1369 1629 nuncupatione
1382 1558 1487 1615 moseri
1505 1565 1630 1625 metuant,
1648 1572 1718 1629 pene
1732 1573 1792 1614 om·

150 1658 228 1733 pides
242 1656 390 1712 creduntur
403 1652 522 1722 adorari,
541 1661 589 1709 aut
608 1652 721 1709 aliaest
739 1651 865 1722 Naaquid
882 1650 946 1723 quia
995 1652 1041 1717 nia
1057 1650 1224 1707 somniorum
1239 1648 1477 1719 imaginationibus
1492 1655 1520 1705 et
1536 1648 1716 1719 phantasticis
1731 1647 1792 1719 qui-

150 1749 226 1818 rirga
238 1745 339 1811 Aaron,
353 1761 407 1817 qua
418 1745 506 1801 beatae
517 1744 631 1815 virginis
643 1752 738 1815 partus
755 1743 876 1799 innuitur
893 1760 944 1800 na·
996 1744 1109 1799 busdam
1123 1740 1376 1799 obumbrationibus
1389 1740 1489 1797 similia
1507 1740 1572 1807 sint,
1591 1748 1619 1796 et
1635 1755 1706 1811 pene
1724 1741 1790 1797 nibil

150 1838 231 1893 turali
246 1838 306 1910 lege
318 1837 431 1903 calcata,
446 1836 520 1893 nulla
531 1838 657 1893 bumana
667 1837 833 1908 operationis
846 1837 944 1910 irriga·
960 1823 983 1883 Β
996 1835 1033 1890 sit
1051 1835 1087 1890 ibi
1106 1835 1178 1906 quod
1196 1850 1251 1890 nnn
1267 1841 1315 1889 aut
1332 1833 1430 1888 somnii
1445 1832 1603 1899 vanitatem,
1619 1841 1666 1888 aut
1680 1833 1791 1891 alterius

151 1934 225 1989 tione
237 1931 391 1999 imundata,
403 1931 494 1988 lloruit
505 1939 533 1986 et
545 1929 675 1996 fronduit,
686 1938 714 1987 et
726 1929 840 2000 protulit
850 1945 944 1998 nuces,
996 1922 1137 1994 cuiusdam
1151 1922 1321 1993 deliramenti
1334 1922 1519 1980 hebitudinem
1532 1923 1662 1990 redoleat,
1677 1932 1790 1981 mnem-

149 2023 212 2078 ideo
224 2023 307 2094 virge
320 2021 465 2081 adorandae
478 2022 643 2077 creduntur?
660 2019 787 2091 Numquid
801 2021 864 2099 quia
883 2037 946 2077 san-
996 2030 1050 2087 quc
1061 2015 1184 2072 interiori
1196 2015 1288 2086 palato
1303 2015 1454 2087 degustata,
1473 2014 1624 2086 insapidum
1643 2013 1791 2072 insulsum·

149 2123 195 2170 cto
210 2112 354 2170 bracbant
367 2114 440 2169 sicco
452 2128 516 2169 area
529 2114 638 2169 madido
650 2112 759 2179 redere,
773 2122 820 2170 aut
833 2115 946 2171 oramus
989 2100 1050 2179 'que
1060 2108 1206 2179 quemdam
1217 2121 1342 2177 mmmm
1356 2104 1484 2172 micent,
1498 2104 1608 2176 mactati
1623 2113 1715 2162 amen
1727 2105 1791 2163 deli

149 2220 213 2262 area
234 2203 309 2261 sicco
334 2203 434 2260 uellere
459 2204 599 2274 apparuit,
622 2220 677 2275 qno
702 2205 835 2262 mirando
861 2207 946 2264 totius
996 2209 1121 2257 ramento
1139 2198 1296 2255 Tbeodoras
1314 2197 1440 2254 llirensis
1457 2195 1600 2269 episcopos
1618 2197 1724 2253 somnia
1746 2213 1792 2254 ar·

150 2295 243 2352 mundi
258 2295 437 2367 gentilitatem
449 2295 552 2352 ooelcsti
567 2311 628 2351 rore
643 2296 791 2352 immunem
804 2297 945 2354 israelitici
995 2287 1147 2347 ebidiaconi
1164 2289 1206 2346 sui
1223 2289 1323 2345 ibidem
1342 2288 1441 2361 legitur
1458 2287 1584 2344 retulisse
1604 2296 1635 2344 ut
1656 2302 1788 2356 errorem,

150 2386 320 2444 solummodo
342 2385 464 2458 generis,
488 2385 574 2441 relius
598 2385 736 2442 madidum
760 2386 844 2442 diuini
870 2386 944 2443 uerbi
995 2380 1298 2452 quemneedivinarum
1309 2378 1791 2451 Scripturammauctoritatibusnec

150 2475 248 2542 imbre,
270 2490 303 2532 ac
322 2475 494 2547 postmodum
516 2490 567 2545 pro
586 2475 664 2545 culpa
683 2474 804 2544 pertidia
820 2475 944 2529 condem
995 2473 1058 2530 ullis
1071 2482 1227 2530 canentum
1235 2471 1347 2529 Patrem
1360 2471 1491 2529 doctrinis
1503 2471 1550 2529 rel
1561 2472 1693 2544 exemplis
1705 2472 1791 2530 valuit

150 2566 279 2639 populum
292 2582 348 2623 sam
361 2564 529 2621 infidelitatis
542 2564 667 2620 siccitate
680 2573 819 2629 arenam,
835 2563 944 2620 mundi·
994 2565 1206 2634 solumsolurn
1214 2564 1790 2623 somniaruntdelusionibusraleretastrue·

150 2671 204 2726 que
216 2655 395 2727 gentilitatem
408 2670 495 2727 sacrm
507 2654 568 2710 ssdei
576 2669 639 2710 rore
650 2654 788 2727 perfusam
797 2652 944 2726 signiticari
994 2673 1035 2725 re,
1047 2656 1244 2714 necimmerito
1256 2656 1290 2713 ad
1302 2664 1356 2712 tam
1366 2652 1494 2711 frivolum
1504 2666 1615 2728 tamque
1624 2672 1720 2713 reoors
1731 2666 1790 2714 stoa

151 2746 324 2803 ntanilestum
338 2753 391 2812 eet,
409 2745 471 2802 ideo
483 2751 621 2810 autores,
636 2753 683 2800 aut
695 2745 794 2801 uellera
807 2744 944 2802 adoranda
993 2746 1143 2806 biliendum
1162 2748 1301 2822 negotium
1317 2748 1487 2817 dignumst
1506 2760 1575 2818 pene
1591 2763 1641 2819 par
1659 2747 1790 2805 exbibens

150 2840 235 2895 santi
256 2837 383 2908 Nunquid
402 2837 467 2908 qaia
491 2835 606 2892 Samson
624 2836 780 2892 mandibula
795 2834 864 2893 asini
883 2834 945 2891 mil·
994 2840 1199 2898 adminiculum.
1210 2840 1370 2910 Quanquam
1383 2838 1467 2911 igitur
1478 2837 1644 2894 somniorum
1660 2852 1725 2896 usus
1739 2853 1790 2896 nec

149 2926 176 2983 le
200 2927 273 2983 siros
293 2926 421 2998 peremit,
448 2925 623 2995 ejusdemque
650 2922 813 2982 nrandibulm
841 2924 945 2982 molare
995 2930 1379 3003 nrmmmsitapprobandns,
1392 2929 1625 3000 quiaplemrnque
1637 2930 1790 2987 munnam

149 3018 242 3073 evulso
258 3033 388 3088 aquarum
410 3015 518 3073 liuentis
535 3015 649 3072 satiatus
665 3023 717 3081 est,
733 3022 826 3086 typum
846 3030 944 3087 gerens
994 3022 1110 3081 intactis
1123 3023 1278 3090 exhibetur,
1291 3037 1343 3079 nec
1358 3020 1386 3076 in
1402 3028 1487 3076 totum
1505 3018 1709 3090 improbandus,
1726 3020 1790 3091 quia

150 3107 235 3162 oneri
261 3106 428 3171 rnerliatnris,
450 3106 496 3176 qni
514 3113 601 3162 morte
620 3120 669 3161 sua
687 3105 776 3161 aerias
795 3112 944 3176 potestates
995 3112 1131 3170 interdum
1144 3129 1194 3185 per
1206 3128 1270 3170 eum
1285 3112 1409 3183 quadarn
1425 3110 1555 3183 mysteria
1574 3110 1737 3179 rerclantur,
1754 3111 1789 3169 ad

149 3200 257 3263 devicit,
278 3209 306 3255 ei
327 3197 492 3270 spiritalibus
508 3197 617 3253 fluentis
633 3197 767 3264 fidelium,
787 3199 833 3268 qai
849 3198 944 3269 ulique
995 3207 1156 3262 astruendas
1169 3213 1259 3262 tamen
1271 3219 1317 3260 res
1327 3203 1437 3269 dubias,
1446 3213 1475 3258 et
1483 3218 1515 3259 en
1526 3218 1587 3274 qum
1597 3202 1624 3258 in
1635 3204 1789 3261 eontentio.

149 3294 272 3350 membra
297 3291 356 3362 cius
380 3299 458 3357 sunt,
481 3292 585 3347 arentia
611 3291 694 3347 corda
719 3291 856 3361 irrigarit,
883 3291 944 3348 ideo
993 3294 1501 3365 nomucuiuntafflrmandanunquam
1514 3294 1627 3349 idonens
1642 3294 1789 3351 inuenitur.

148 3383 322 3449 nrarrdibulu,
332 3390 378 3437 aut
388 3382 505 3438 rnolares
515 3383 645 3439 adorandi
653 3382 869 3455 suntttiunquid
880 3385 943 3455 quia
994 3389 1062 3458 Quis
1076 3389 1156 3446 enim
1167 3404 1286 3459 unquam
1304 3388 1411 3443 sontrdo
1428 3401 1477 3442 suo
1494 3400 1552 3441 rem
1570 3386 1679 3443 dubiam
1701 3387 1790 3444 valcat

148 3475 224 3531 Elias
246 3474 328 3545 pallio
347 3491 407 3542 suo,
428 3489 477 3545 per
496 3477 567 3545 quod
582 3475 729 3532 bontinimt
749 3474 944 3532 incamationis
993 3479 1139 3544 alllrmarc,
1156 3494 1218 3534 cum
1237 3487 1328 3534 utrum
1347 3477 1385 3532 ita
1403 3485 1434 3531 nt
1451 3490 1482 3530 so
1498 3476 1599 3531 uidisse
1614 3474 1737 3546 profatur
1750 3478 1790 3533 ri·

148 3567 307 3639 mysterium
330 3566 473 3638 figuratum
497 3576 549 3633 est,
572 3551 622 3638 per
640 3566 712 3636 quod
733 3564 875 3630 iordanis,
896 3566 944 3622 ba·
994 3569 1079 3633 derit,
1090 3568 1190 3624 nullius
1203 3567 1280 3623 testis
1296 3565 1451 3622 testimonio
1465 3564 1554 3621 ualeat
1567 3567 1728 3638 approbare.
1746 3566 1789 3625 tu

148 3660 284 3729 prismatis
292 3660 504 3727 ridelioctunda,
516 3661 652 3723 introitur,
664 3657 808 3714 iordanenr
819 3657 944 3713 divisisse
993 3676 1052 3716 rcm
1065 3673 1130 3728 engo
1142 3656 1262 3721 dubiam,
1276 3663 1304 3712 et
1316 3671 1378 3726 quae
1390 3655 1417 3710 io
1430 3656 1608 3725 quaestionem
1622 3658 1696 3714 venit
1709 3660 1789 3716 mbo-

149 3749 256 3820 legitur‚
282 3750 343 3807 ideo
365 3751 446 3821 pallia
469 3751 606 3805 adoranda
631 3750 795 3806 ereduntur?
816 3748 944 3818 Nunqtritl
992 3753 1117 3817 rendam,
1145 3765 1200 3805 non
1225 3748 1391 3805 somniorum
1412 3747 1577 3803 ludidoatrix
1596 3748 1712 3817 sanitas,
1734 3766 1788 3807 noa

148 3838 211 3908 quia
226 3836 346 3894 Naanran
364 3838 450 3909 Syrus
468 3838 494 3893 ia
513 3837 640 3893 lluminco
656 3837 765 3893 lamere
780 3837 862 3910 loprae
875 3852 942 3894 eou-
993 3842 1209 3913 apocryphorum
1220 3838 1393 3923 acerbissima
1403 3838 1566 3909 pmcacitas,
1579 3855 1634 3895 non
1648 3839 1748 3897 levium
1759 3854 1789 3898 et

148 3931 222 4002 tagio
245 3929 352 3985 ablutus
372 3937 430 3994 est,
449 3916 595 4000 perquem
617 3930 754 4002 gentilitas
773 3930 878 3987 Christi
896 3932 944 3987 ba·
991 3932 1130 3990 inutilium
1140 3931 1285 3986 uerborum
1298 3928 1412 3996 salsitas,
1427 3930 1476 3986 sed
1490 3929 1642 3988 diuinorum
1655 3930 1787 3989 librorum

147 4022 273 4094 ptismate
302 4020 337 4075 ab
363 4020 498 4077 idolorum
522 4023 682 4094 contagione
707 4024 802 4079 abbata
827 4023 941 4093 agunta
992 4025 1257 4087 siveoathnlicorum
1267 4021 1378 4079 Patrem
1393 4023 1549 4080 authentica
1566 4030 1610 4080 est
1625 4025 1788 4097 requirenda

146 4124 199 4180 est,
214 4114 274 4170 ideo
286 4114 397 4171 dnntina
412 4116 549 4174 adnando
562 4118 643 4174 snut?
659 4115 787 4189 liminaria
800 4117 865 4188 quia
881 4119 942 4175 uiro
991 4119 1152 4178 auctoritas.
1165 4116 1234 4187 liam
1248 4115 1320 4173 sicut
1333 4130 1377 4172 res
1388 4114 1538 4187 protutura
1552 4110 1580 4171 ot
1596 4117 1789 4189 mysteriomtn

146 4214 242 4264 sancto
260 4206 359 4264 Elison
377 4206 495 4279 Spiritus
513 4209 604 4266 sancti
619 4209 752 4267 misertus
770 4216 883 4267 eatenus
900 4210 942 4267 di·
992 4211 1100 4268 arcanis
1112 4216 1238 4280 comptae,
1251 4222 1314 4264 cum
1326 4221 1376 4277 per
1388 4206 1493 4263 somnia
1504 4205 1663 4275 innuuntur,
1678 4223 1727 4280 per
1738 4225 1789 4271 an·

146 4297 218 4352 latos
240 4306 291 4361 est,
315 4307 455 4368 qautenus
474 4299 575 4371 psabes
596 4298 787 4370 applicaretur,
807 4301 941 4371 applicato
991 4301 1066 4376 gelos
1082 4300 1248 4366 revelantur,
1266 4297 1303 4356 ita
1320 4295 1500 4362 econtrario,
1519 4295 1585 4353 dum
1603 4312 1648 4353 res
1660 4298 1748 4355 noxiae
1759 4309 1787 4355 et

147 4401 211 4442 sero
220 4388 306 4457 psalte
319 4387 436 4458 Spiritus
446 4397 557 4446 sanctus
567 4389 639 4446 illins
649 4404 679 4445 se
692 4388 811 4461 proludit
823 4405 941 4461 praecor-
990 4393 1066 4450 omni
1079 4392 1196 4448 utilitate
1208 4396 1333 4448 carentes
1345 4402 1394 4459 per
1407 4386 1513 4444 somma
1526 4385 1757 4457 demonstrantur,
1769 4405 1786 4446 a

146 4478 210 4543 diis,
219 4493 268 4549 per
280 4494 359 4549 rprcrn
373 4479 503 4537 iudaicus
514 4481 629 4552 populus
639 4481 808 4553 significatur
819 4482 865 4553 qai
879 4483 940 4555 Spi·
991 4484 1160 4542 daemombus
1169 4479 1349 4538 demonstrari
1358 4479 1516 4535 creduntur.
1527 4476 1787 4549 Undesisomuium,

146 4569 214 4626 titus
225 4571 316 4629 artneti
326 4571 470 4628 amenum
481 4573 542 4630 ideo
554 4589 626 4631 nnnc
636 4573 748 4630 ntirrime
759 4575 865 4646 recipit,
876 4576 939 4647 quia
991 4574 1065 4644 quod
1077 4572 1122 4628 ille
1134 4572 1162 4629 in
1171 4570 1274 4643 synodo
1284 4568 1386 4632 retulit,
1398 4568 1432 4625 ad
1442 4566 1589 4639 imaginum
1600 4566 1785 4627 adorationem

145 4676 174 4722 et
187 4667 402 4725 incarnationem
424 4669 614 4741 Redemptoris
626 4670 738 4726 minime
756 4670 785 4726 in
803 4671 939 4729 credendo
992 4662 1181 4720 stabiliendam
1193 4661 1228 4717 all
1240 4659 1335 4731 ³128th
1348 4656 1539 4715 tichiditwno
1550 4656 1788 4729 dutdemoaslra-

145 4757 269 4827 suscipit,
285 4775 365 4829 qnam
383 4774 445 4814 cunr
462 4775 526 4814 mox
544 4768 575 4816 ut
592 4760 665 4816 eirea
683 4762 775 4817 mundi
793 4763 939 4818 terminum
993 4765 1052 4812 tum
1064 4762 1118 4820 eat.
1131 4752 1265 4823 imagines
1277 4753 1394 4810 adorare
1406 4751 1558 4827 prolicuum
1573 4752 1788 4821 cst;,ot.siima-

144 4847 295 4918 perceperit
313 4848 432 4917 Spiritus
450 4849 537 4904 macti
555 4849 672 4913 damino,
690 4859 719 4906 et
735 4852 856 4906 omnium
875 4853 940 4909 cira-
992 4849 1195 4922 ginesadorare
1206 4846 1358 4917 proflatum
1377 4853 1429 4909 cst,
1448 4854 1722 4905 ceterasmessnsu
1737 4860 1787 4902 ca·

145 4937 287 4991 ristnaturn
311 4937 389 4992 donis
412 4939 599 5005 exornabitur,
625 4940 685 4995 ideo
705 4940 807 5011 psaltes
831 4943 938 5006 adorari
992 4940 1212 5003 nentesadorare
1230 4936 1381 5008 protorum
1398 4943 1451 4993 est.
1472 4937 1521 4993 Est
1540 4943 1689 4993 autemres
1704 4951 1787 4993 sensu

144 5026 274 5082 debebit?
291 5026 417 5096 Nunquid
435 5043 501 5098 ergo
519 5027 582 5099 quia
600 5028 707 5084 limbria
727 5030 876 5093 Dominicm
894 5048 940 5090 va·
991 5043 1119 5091 carentes
1139 5032 1254 5088 adorare
1274 5029 1385 5087 noxium
1398 5048 1405 5082 ε
1417 5046 1475 5092 amn
1492 5029 1577 5100 igitue
1594 5028 1787 5087 archidiacono

144 5117 203 5182 stis,
223 5115 300 5185 cuius
318 5124 420 5172 attactu
441 5117 539 5173 amma
559 5118 704 5175 sanitatem
721 5120 847 5191 recepit,
858 5137 938 5191 quam
989 5123 1049 5193 eins
1060 5124 1194 5181 somnium
1207 5123 1279 5192 quod
1294 5121 1386 5182 martit
1397 5122 1431 5178 ad
1442 5121 1786 5193 tmapnumadorationem

144 5207 291 5263 [lominica
304 5207 498 5264 incarnationis
510 5208 697 5265 credulitatem
712 5226 856 5281 perquam
872 5229 938 5285 gea·
990 5217 1180 5273 stabiliendam
1199 5214 1233 5269 ab
1254 5213 1349 5286 angelo
1365 5213 1580 5272 demonstratam
1595 5221 1648 5271 est.
1667 5212 1786 5286 Liquido

144 5301 228 5356 tilitas
249 5307 343 5355 sanata
361 5308 402 5355 est
420 5300 573 5372 signilieare
594 5301 718 5370 superius
734 5300 792 5371 jam
810 5302 938 5369 diximus,
990 5327 1108 5384 namque
1124 5319 1198 5382 potet
1214 5311 1242 5366 id
1263 5311 1299 5377 ei,
1319 5327 1382 5367 enm
1402 5310 1438 5365 ab
1456 5309 1552 5382 angelo
1570 5309 1785 5366 demonstratum

94 5424 103 5477 '.
143 5392 204 5448 idco
218 5391 331 5448 fimbriae
343 5393 487 5450 adorandae
500 5395 590 5451 santi
606 5393 660 5450 dist
673 5396 736 5466 quia
751 5396 825 5451 Petri
843 5398 939 5453 umbra
990 5418 1044 5459 non
1057 5403 1104 5467 sit,
1117 5401 1152 5458 ab
1164 5401 1302 5458 incentore
1314 5400 1411 5473 spiritu
1430 5399 1476 5469 qui
1495 5413 1611 5471 semper
1619 5398 1784 5455 sanitatibus

143 5479 244 5536 inirrmi
269 5482 356 5536 sanati
381 5489 458 5548 sunt,
483 5482 552 5539 ideo
564 5484 669 5539 umbre
689 5484 834 5540 adoranda
857 5486 939 5542 suini
990 5496 1020 5544 et
1033 5490 1115 5544 rebus
1127 5486 1217 5544 noxiis
1228 5487 1322 5553 instat,
1337 5485 1443 5542 illatum
1462 5484 1556 5541 luisse.
1577 5483 1655 5553 Quod
1671 5490 1703 5539 ιιι
1717 5482 1783 5539 luei-

144 5569 202 5626 Non
219 5573 311 5643 igitur,
326 5581 356 5627 ut
371 5575 495 5650 superius
508 5574 706 5644 premisimus,
721 5589 816 5631 omnes
832 5591 877 5632 res
890 5591 939 5647 per
990 5578 1052 5637 dius
1073 5587 1173 5651 pateat,
1198 5578 1351 5636 rationabili
1373 5584 1532 5651 argunteato
1552 5575 1714 5634 llrmandum
1730 5584 1783 5631 est.

143 5675 212 5732 quas
221 5662 262 5719 rel
273 5664 408 5736 inpuibrts
421 5666 552 5727 miracula
566 5665 695 5736 quaedam
705 5667 756 5726 liei
766 5667 938 5726 ordinatione
991 5670 1124 5738 Quoniam
1137 5672 1159 5728 si
1174 5670 1296 5728 incentor
1307 5670 1420 5741 spiritus
1432 5670 1493 5726 idei
1504 5669 1616 5727 minime
1627 5666 1728 5736 intulit,
1736 5682 1784 5727 aa·

144 5764 293 5820 monstrata
306 5765 379 5826 sunt,
397 5757 601 5830 quodammode
618 5757 762 5821 adorandae
779 5759 937 5817 creduntur.
993 5759 1068 5829 gelus
1078 5762 1173 5839 procrtl
1187 5762 1269 5823 dnbio
1283 5761 1406 5821 intulisse
1418 5762 1566 5824 credendus
1580 5769 1622 5819 cst
1635 5776 1643 5818 ε
1654 5768 1681 5820 ιι
1700 5759 1726 5823 si
1735 5774 1782 5821 aa·

1031 1253 1070 1298 ret
1088 1244 1192 1300 somnio
1209 1242 1389 1299 ormidioconi
1406 1242 1449 1297 arti
1469 1243 1499 1298 in
1515 1243 1607 1298 eadent
1626 1242 1727 1315 sperono
1750 1259 1792 1298 re-
1901 1309 1905 1315 ,
