4050 6192
194 314 264 371 arar
635 307 666 364 n.
684 282 809 365 manu
829 303 936 361 uacui
954 302 1033 360 oea.
1054 301 1144 360 ntus
1160 303 1193 359 n.
1212 304 1336 362 suerro
1351 306 1383 361 ιι.
1754 311 1825 369 arar

193 424 310 496 gatione,
320 419 354 477 de
366 420 465 492 quibus
483 434 554 475 nunc
568 416 659 474 dicere
670 416 779 488 longum
792 424 849 480 est,
865 421 983 471 usitatus
995 417 1022 474 Α
1033 414 1122 485 imago
1134 415 1260 486 qrmtitret
1278 416 1375 473 monis
1401 416 1514 486 imperio
1544 419 1673 478 destituto
1690 422 1826 496 Erebique

192 515 366 584 apprecatur,
384 516 412 566 et
430 524 446 564 a
466 507 565 565 dtr-tnta
582 507 754 576 litterisque
768 506 846 576 plura
864 512 982 568 sacrata,
1033 503 1166 573 pmlnudo
1184 506 1300 576 spoliato
1312 507 1345 562 tle
1356 506 1481 576 sepulcre
1507 513 1637 577 surrexit,
1651 528 1702 569 nee
1714 512 1826 585 mlusll-

192 611 222 659 ct
233 601 266 657 ad
274 601 433 673 mysterium
447 598 608 671 pertinentia
617 598 712 653 eutem
723 611 836 652 numero
845 603 984 652 coarctata
1032 593 1079 647 bet
1092 593 1191 647 terreni
1203 594 1316 650 artillcis
1332 610 1400 667 opus
1426 599 1540 666 apostoli
1554 598 1719 660 salutaribus
1736 605 1825 661 muni·

193 688 622 757 essetestantur,sacrat3ssimus
634 688 844 742 demonstratur.
863 684 984 751 eratnur
1034 685 1070 740 tis
1086 686 1226 751 institutis,
1247 695 1275 741 et
1289 702 1338 757 per
1361 687 1446 745 mttns
1469 691 1562 745 mundi
1581 694 1826 766 eonptraadpre·

193 781 294 838 etenim
308 778 417 834 flumina
428 778 462 834 dc
473 793 528 833 nno
548 776 666 847 paradisi
689 774 762 831 iente
776 774 940 837 emanantia,
956 781 985 829 et
1034 777 1195 833 dicatimtem
1206 779 1347 835 destinatis
1358 795 1420 835 cum
1443 795 1558 851 corpore
1571 783 1605 838 ad
1620 784 1719 840 coelum
1731 801 1826 842 asmu-

195 877 313 939 quatunr
324 866 462 938 evarrgelia
472 866 511 921 dc¹
521 864 595 920 fonte
606 864 674 919 lueis
686 871 714 919 et
727 862 833 933 origiue
856 860 985 918 ltunitatis
1034 869 1083 934 dit,
1102 878 1130 924 et
1143 868 1176 925 ad
1193 871 1240 926 liet
1254 870 1343 928 Patris
1370 875 1718 945 omnipotentissimum
1743 880 1823 934 sedin.

195 957 378 1028 llffloedessllir
389 965 416 1010 0¹
426 964 543 1026 qualum*
553 955 677 1016 villule&
691 952 835 1036 Prudentia
847 951 983 1016 ῖῑιῑθῑῑῡθῐι
1034 961 1097 1017 llmc
1107 962 1178 1017 enim
1189 963 1279 1018 omnia
1298 981 1351 1020 aron
1362 967 1466 1037 pictura
1490 968 1626 1039 quelibet,
1640 971 1688 1026 scd
1699 971 1826 1029 Christus

195 1051 345 1117 Ῑθιῑῑῑΰᾶῠι
372 1050 500 1122 justitia,
539 1065 587 1106 ⁸⁰¹¹
610 1048 813 1119 ῑθῐΰιιιιιῐιῑὶι,
839 1049 985 1102 humatam
1034 1053 1241 1124 quiestunicns
1256 1055 1302 1111 liei
1319 1056 1408 1113 Patris
1429 1057 1592 1116 Filiusante
1608 1060 1826 1119 seculaaPatre

195 1142 279 1196 vitam
291 1140 489 1196 hotrestissimis
515 1140 615 1210 regatis
629 1139 802 1195 moderantes
813 1151 874 1192 esse
887 1135 986 1191 descri-
1033 1141 1206 1198 ineffabiliter
1217 1143 1335 1214 genitus,
1349 1145 1377 1201 in
1390 1146 1444 1202 line
1456 1148 1616 1204 seculorum
1629 1151 1663 1205 ad
1679 1159 1765 1208 terrm
1778 1153 1827 1208 iru-

195 1234 306 1289 buntur.
329 1232 473 1300 erarlmtis
493 1232 575 1287 etiam
596 1230 676 1302 lignis
699 1246 761 1286 area
784 1230 914 1285 fabricata
932 1237 983 1292 est,
1035 1247 1122 1289 mann
1133 1233 1229 1290 salutis
1251 1250 1333 1290 causa
1345 1237 1443 1293 missus
1455 1240 1568 1311 peregit,
1583 1240 1630 1310 qui
1641 1251 1683 1297 cst
1696 1251 1794 1297 unctus
1809 1259 1824 1296 a

196 1327 225 1382 in
244 1341 297 1396 qua
321 1324 431 1380 hurnani
456 1324 564 1394 generis
583 1322 640 1377 sire
661 1321 782 1376 anartium
807 1320 985 1374 animantum
1035 1325 1116 1380 Patre
1130 1323 1191 1379 oleo
1210 1323 1310 1380 laetitiae
1322 1342 1378 1396 pne
1393 1329 1567 1385 consortibus
1585 1331 1652 1397 suis,
1672 1333 1717 1402 qui
1729 1349 1827 1389 menn-

196 1419 251 1472 vita
265 1417 344 1487 aquis
362 1423 459 1471 errareta
483 1412 652 1468 vastantibus
669 1420 804 1465 ιιειιιιιι
824 1417 886 1465 est:
915 1423 986 1463 nunc
1036 1415 1100 1469 dum
1118 1412 1278 1483 Apostolum
1297 1416 1452 1485 pacificavit
1473 1420 1566 1485 omnia
1594 1434 1644 1490 per
1668 1421 1827 1492 sanguinem

196 1523 305 1579 quoque
327 1522 391 1561 area
408 1513 508 1563 sanctae
522 1503 657 1566 Ecclesiae,
678 1503 777 1572 quein
801 1498 881 1570 lartius
895 1498 987 1555 seculi
1036 1505 1126 1560 eureis
1139 1521 1205 1569 sum,
1230 1506 1360 1576 sirequae
1373 1506 1400 1562 in
1426 1509 1514 1573 ecelis,
1538 1511 1595 1565 sine
1621 1526 1682 1582 quar
1706 1512 1829 1567 interris

195 1599 355 1671 procellosis
367 1596 544 1663 tantationum
558 1595 662 1650 innatat
672 1593 762 1658 undis,
773 1592 987 1663 quarelectnrum
1037 1606 1107 1658 snut,
1123 1597 1164 1652 eni
1177 1597 1294 1652 flectitur
1306 1614 1386 1654 omne
1396 1613 1465 1669 genn
1478 1599 1638 1665 coelestium,
1658 1603 1828 1658 terrestrium

198 1691 428 1760 reproborumque
450 1691 599 1754 caperest,
627 1682 767 1754 quadratis
779 1681 868 1752 lignis,
885 1680 988 1736 sanetis
1038 1693 1066 1741 et
1082 1685 1257 1742 intemetum.
1276 1687 1315 1744 dc
1332 1703 1382 1758 per
1402 1690 1454 1746 linc
1475 1690 1498 1745 si
1522 1692 1585 1761 quis
1617 1692 1761 1764 imaginem
1781 1695 1830 1749 ad-

87 1819 99 1835 .
198 1780 303 1836 seilicet
317 1779 384 1835 riris
408 1777 546 1850 patientias
566 1776 667 1830 uirtute
692 1773 836 1837 decoratis,
855 1771 986 1827 fabricata
1002 1747 1024 1805 Β
1038 1791 1121 1831 orans
1135 1775 1211 1841 dicit,
1226 1775 1277 1831 llic
1289 1787 1327 1832 est
1350 1777 1470 1835 Cadunt
1485 1779 1571 1836 Filiae
1585 1781 1644 1847 Dei,
1668 1798 1722 1839 non
1740 1784 1830 1840 solnm

198 1879 229 1933 ‘a
250 1879 325 1926 tatur
352 1883 468 1940 qnorum
492 1868 548 1921 rita
565 1879 726 1935 quocunque
740 1863 858 1918 vertitur
873 1861 988 1916 llrmiter
1037 1874 1142 1936 peccat,
1160 1867 1207 1921 scd
1234 1866 1315 1921 etiam
1333 1867 1472 1925 insaniens
1495 1870 1610 1927 sceleste
1633 1870 1691 1943 agit
1714 1873 1761 1944 qni
1790 1874 1830 1929 rei

202 1970 268 2030 stat,
282 1962 345 2033 quia
359 1961 444 2016 necin
461 1954 827 2025 adversisdejieiuntur,nec
841 1953 989 2022 inprospc-
1039 1961 1094 2009 tam
1117 1954 1241 2010 sublimis
1260 1954 1517 2023 excellentissimum
1546 1974 1644 2014 nomen
1662 1959 1673 2032 (
1686 1960 1709 2016 si
1739 1969 1831 2016 tamen

199 2056 237 2110 ris
262 2055 302 2108 su'
313 2052 445 2106 terantur.
463 2049 583 2116 Quorum
608 2062 659 2103 nos
679 2045 792 2117 uestigia
825 2051 987 2115 sequentes,
1039 2043 1146 2099 resdici
1160 2043 1200 2099 las
1224 2044 1269 2108 sit,
1287 2053 1316 2101 et
1337 2060 1390 2101 non
1403 2045 1493 2115 potius
1507 2061 1598 2102 rernm
1619 2048 1740 2104 omnium
1753 2050 1832 2119 origo

197 2156 227 2202 et
237 2159 332 2201 recum
345 2143 477 2199 novitates
495 2140 622 2203 vientes,
641 2145 670 2194 et
687 2152 778 2193 rerum
789 2152 870 2192 seusu
895 2150 990 2191 caren-
1039 2133 1185 2206 celerose)
1197 2145 1252 2190 tam
1268 2134 1315 2190 till
1328 2136 1367 2190 rei
1381 2144 1490 2207 umque
1500 2138 1622 2208 abiecte,
1637 2147 1664 2195 et
1676 2155 1731 2196 non
1742 2141 1831 2197 sulum

198 2237 265 2291 uum
288 2233 477 2289 adorationem
499 2237 669 2300 spernentes,
686 2228 791 2298 solique
818 2225 989 2283 liencultum
1040 2225 1178 2297 mysteriis
1207 2225 1255 2281 sed
1287 2234 1315 2282 et
1342 2227 1397 2281 rita
1425 2228 1529 2283 carenti
1560 2237 1654 2301 aptare
1678 2232 1830 2287 contendit.

198 2324 338 2382 seruitutis
357 2322 525 2384 exhibentes,
544 2318 657 2390 eiusque
673 2319 776 2376 sanctis
790 2324 989 2387 competentem
1040 2317 1200 2373 sicutenim
1222 2317 1312 2389 imago
1324 2317 1451 2388 quanter
1476 2317 1586 2376 Christo
1610 2323 1748 2377 innatum
1761 2338 1833 2378 coar-

200 2417 330 2473 honorem
347 2410 544 2484 impendentes,
555 2408 583 2463 in
594 2407 724 2478 patientia
743 2414 835 2464 nostra
844 2418 989 2476 possessu·
1040 2406 1117 2478 quari
1127 2406 1232 2477 nequit,
1247 2405 1284 2461 ita
1300 2407 1382 2462 etiam
1398 2406 1426 2462 in
1445 2408 1555 2463 nomine
1569 2411 1704 2480 marquart
1719 2412 1833 2466 minime

199 2521 246 2562 ros
257 2518 307 2560 nos
318 2516 459 2573 speramus
476 2501 580 2555 animas
597 2507 717 2554 nostras.
1040 2499 1148 2570 potent.
1166 2497 1243 2565 Quod
1265 2499 1365 2569 siquis
1377 2497 1449 2555 torte
1464 2501 1665 2570 equivocorum
1690 2502 1832 2558 nominum

423 2650 427 2657 g
457 2610 571 2667 ggpgg
587 2607 731 2666 pfflgfflgg
1032 2587 1067 2669 'in
1081 2590 1151 2644 hauc
1167 2595 1273 2658 partem
1295 2589 1426 2645 rationem
1450 2589 1602 2645 arbitretur
1627 2605 1707 2661 posse
1720 2591 1831 2656 eadem,

200 2683 414 2741 fnlaiuimumet
427 2678 990 2760 rirudignumdictamlunariaprrrlgreri,
1041 2678 1109 2733 sciat
1135 2681 1206 2735 haue
1224 2695 1315 2759 quaml
1331 2695 1405 2736 nnnc
1420 2679 1582 2738 discutimus
1605 2683 1768 2738 senteutiam
1795 2685 1833 2738 alr

233 2755 279 2839 ‘1²⁸³
306 2771 358 2839 '3⁰²¹
372 2753 459 2837 mim
487 2750 639 2834 ⁶.“’‘²'¹⁶⁸.¹''⁸
663 2750 809 2832 f'MWm
836 2747 991 2830 ‘'ww'‘
1040 2771 1240 2842 equivocorum
1255 2771 1395 2827 nominum
1407 2773 1512 2828 ratione
1525 2772 1603 2845 longe
1616 2774 1728 2830 distare.
1750 2774 1833 2832 dlinrl

234 2840 364 2880 emutare
383 2823 557 2905 dequassatur.
573 2821 616 2873 Αιι
627 2835 718 2874 erum:
732 2818 784 2886 um
809 2817 905 2873 adorat
923 2832 991 2872 rma·

234 2896 335 2963 ‘inem‘
352 2900 381 2948 e,
397 2892 463 2948 dmg,
479 2890 607 2962 quoniam
624 2889 668 2944 gie
687 2896 731 2945 a,
755 2887 881 2945 cmm
906 2886 992 2943 gemm
1040 2869 1083 2917 est
1096 2861 1168 2917 enim
1190 2861 1289 2927 dicere,
1310 2861 1392 2917 homo
1415 2861 1504 2933 pictus
1526 2872 1554 2919 et
1566 2879 1657 2930 uerus,
1672 2864 1716 2920 leo
1742 2865 1833 2936 pictus

232 2965 292 3030 net,
308 2979 363 3021 non
375 2971 479 3033 peccat.
1040 2960 1157 3011 etuerus
1176 2961 1205 3009 et
1230 2952 1359 3020 coelestis,
1377 2963 1459 3024 atque
1479 2954 1551 3011 aliud
1578 2955 1723 3028 imaginem
1752 2956 1831 3014 lateri

234 3055 357 3125 lingnam
374 3052 453 3107 nolis
467 3052 496 3106 in
506 3051 558 3106 hoc
571 3064 654 3119 opere
673 3046 829 3119 disputandi
846 3047 988 3104 materiam
1002 3081 1026 3146 C
1042 3045 1178 3103 Christum
1191 3044 1290 3101 Filium
1303 3045 1352 3101 ltet
1369 3058 1439 3111 esse,
1460 3061 1522 3101 curn
1536 3046 1662 3103 videlicet
1674 3047 1729 3104 illic
1741 3049 1831 3105 unmi-

197 3144 315 3203 laannes
336 3142 477 3212 presbyter
488 3148 516 3196 et
536 3141 640 3209 legatus
652 3139 831 3196 Orientalium
846 3139 929 3205 dedit,
940 3140 988 3210 qui
1041 3137 1084 3193 nis
1098 3137 1134 3193 sit
1147 3144 1251 3192 tautum
1266 3136 1453 3202 consonantia,
1467 3136 1512 3193 hic
1522 3138 1673 3209 perspicuae
1684 3138 1831 3210 professio·

199 3234 271 3290 inter
287 3240 401 3289 ectetas
415 3245 472 3285 sne
484 3228 661 3300 professionis
671 3230 854 3286 absurditates
869 3246 920 3286 uec
931 3228 988 3286 lalli
1038 3228 1084 3283 lais
1098 3227 1177 3299 plena
1190 3226 1333 3291 sententia,
1351 3228 1479 3298 quoniam
1498 3229 1698 3298 equivocomm
1712 3230 1780 3286 rann
1802 3231 1831 3287 iu

197 3324 226 3381 in
240 3324 292 3379 ltoc
303 3321 412 3393 negotio
428 3321 461 3376 dc
474 3335 529 3389 qao
542 3332 632 3375 sermo
647 3320 690 3375 est
704 3319 808 3386 vitavit,
836 3335 886 3376 nec
898 3317 990 3376 fallere
1040 3319 1098 3375 solo
1126 3318 1294 3374 tantumdem
1324 3319 1432 3375 nomine
1470 3320 1686 3376 communionem
1728 3320 1830 3384 tatu,

198 3415 299 3481 timuit,
311 3427 362 3470 uec
376 3411 484 3468 mentiri
497 3427 545 3467 seu
562 3411 596 3467 ad
620 3411 791 3466 mendacium
803 3411 872 3468 alios
885 3412 989 3468 lrortari
1041 3426 1176 3467 monuero
1187 3417 1218 3465 ut
1233 3410 1267 3466 ad
1278 3408 1462 3466 delinitionem
1476 3411 1639 3481 peruenerit,
1655 3412 1727 3482 quorl
1741 3427 1792 3467 nea
1805 3413 1830 3467 i·

197 3507 317 3564 enituit
337 3502 404 3559 Falli
429 3503 529 3558 etenim
553 3516 607 3557 non
630 3501 734 3570 uitauit,
751 3516 813 3557 cum
832 3510 988 3559 sanctarum
1040 3504 1083 3559 nis
1096 3502 1330 3559 commuuiosono
1350 3503 1519 3559 solummodo
1535 3503 1738 3574 montegeleni,
1762 3503 1830 3559 dess-

199 3599 403 3670 Scripturarum
422 3595 490 3653 ealle
511 3611 572 3667 quae
588 3594 706 3652 nniuset
728 3596 812 3652 solius
827 3596 874 3651 liei
885 3597 988 3652 cultum
1040 3595 1107 3651 nitio
1119 3594 1296 3650 solertissime
1317 3594 1421 3664 pandit.
1436 3592 1517 3651 titud
1536 3609 1663 3665 namque,
1682 3604 1713 3650 ut
1725 3593 1829 3666 praelati

90 3762 92 3767 ι
197 3700 226 3748 et
242 3689 427 3747 adorationem
454 3696 566 3744 censent
587 3688 746 3760 postposito,
764 3704 813 3759 per
829 3689 944 3761 abrupta
960 3697 989 3745 et
1040 3702 1142 3749 snmus,
1172 3693 1200 3741 et
1223 3685 1301 3758 longe
1328 3685 1401 3741 aliud
1426 3694 1488 3751 est,
1518 3686 1652 3758 picturam
1684 3686 1831 3756 quamdam

197 3785 274 3842 ,m
289 3798 385 3838 emm
398 3783 496 3839 meniis
512 3798 568 3838 sm„
584 3782 725 3853 „quemad
742 3798 878 3839 fossense
892 3799 989 3840 em.
1040 3775 1148 3830 nnmiue
1170 3773 1359 3832 tantummodo
1385 3774 1458 3831 illius
1484 3774 1525 3830 rei
1549 3790 1725 3846 nuncupare,
1753 3773 1830 3844 euius

198 3882 240 3929 tes
255 3873 407 3929 adorandas
419 3871 537 3927 divertit.
555 3870 661 3927 Fallere
673 3887 726 3929 non
739 3873 844 3938 timuit,
856 3888 918 3929 enm
933 3873 989 3930 cal·
1039 3866 1129 3937 im²t0
1143 3874 1186 3921 ⁰⁸⁸
1197 3866 1346 3921 ⁸⁰⁰¹¹¹¹d¹¹¹¹¹
1367 3866 1567 3936 mummium
1581 3867 1722 3923 ”liminum
1745 3868 1829 3922 '²²3⁰'

196 3965 250 4022 lem
264 3963 331 4020 recti
357 3962 463 4018 itineris
475 3978 490 4017 a
503 3978 533 4018 se
555 3961 766 4033 pretermissum
793 3963 853 4018 aiis
876 3969 989 4033 praeter-
1038 3973 1112 4024 nent,
1124 3966 1206 4029 atque
1223 3958 1297 4015 aliud
1311 3973 1370 4014 rem
1386 3959 1552 4016 insensatam
1571 3960 1695 4024 adorare,
1714 3968 1828 4017 eteam·

197 4054 306 4111 mittere
315 4060 344 4108 et
358 4067 451 4109 seeum
465 4051 596 4122 periuria
610 4066 703 4108 errare
717 4052 808 4107 multis
831 4052 988 4109 assertioni·
1038 4050 1099 4106 dem
1110 4065 1167 4105 rem
1179 4049 1259 4121 plena
1273 4051 1408 4107 sententia
1423 4050 1562 4108 Christum
1583 4051 1630 4109 lici
1651 4051 1750 4108 Filium
1765 4068 1828 4124 pro·

196 4143 247 4200 uns
259 4158 292 4198 ac
314 4141 404 4212 potius
415 4141 581 4196 vastitatibus
593 4141 737 4210 persuasit.
757 4141 864 4197 lientiri
878 4157 987 4213 qnoque
1015 4140 1018 4147 ⁴
1038 4138 1108 4195 llteri
1130 4147 1158 4195 et
1175 4139 1289 4196 dicere:
1309 4137 1362 4195 llic
1372 4150 1410 4196 eat
1425 4138 1545 4195 Cluacar
1569 4139 1658 4197 Filias
1682 4140 1743 4196 liei.
1760 4141 1828 4197 llam

195 4238 224 4286 et
233 4231 266 4285 ad
274 4229 442 4286 mendacium
454 4229 522 4285 alios
532 4229 670 4286 exhortari
678 4246 732 4287 non
744 4232 861 4299 eruhuit,
874 4232 920 4303 qui
928 4249 985 4289 rena
1037 4228 1061 4285 ai
1074 4228 1128 4285 tale
1140 4229 1311 4286 mendacium
1326 4228 1458 4300 prolerre,
1475 4231 1557 4286 atille
1568 4229 1719 4295 lassasset,
1732 4247 1827 4303 penea-

196 4320 317 4377 illicitam
341 4329 498 4391 perpetrare
517 4327 545 4375 et
566 4318 736 4377 mendacium
753 4320 876 4391 prolerre
890 4336 988 4391 peeca-
1038 4328 1097 4375 tum
1110 4335 1164 4375 non
1174 4327 1226 4384 est,
1241 4319 1336 4376 illicita
1354 4335 1468 4391 queque
1480 4331 1640 4393 perpetrare
1650 4322 1754 4379 nudum
1766 4337 1828 4393 pee-

195 4417 379 4466 tnmnuuesse
389 4410 662 4466 asseruisttttentn:
675 4409 984 4483 Quindorutirarqiuem‚
998 4416 1127 4492 „catum
1138 4417 1197 4477 est;
1208 4418 1236 4465 et
1257 4410 1280 4465 si
1309 4409 1402 4466 illicita
1423 4426 1538 4483 quaeqae
1550 4420 1710 4485 perpetrare
1723 4413 1829 4469 nullum

194 4508 219 4556 ιι
244 4500 308 4554 dicit
321 4500 383 4570 qaia
396 4498 438 4554 tie
449 4508 488 4552 eat
501 4497 620 4554 Carinae
633 4497 658 4553 F
659 4498 721 4554 ilina
735 4498 795 4566 liei,
819 4515 871 4554 aaa
885 4510 984 4571 peceat.
1036 4509 1179 4572 peceatum
1191 4511 1243 4569 est,
1271 4510 1425 4558 sanctarum
1449 4501 1653 4575 Scripturarnm
1667 4504 1754 4576 niger,
1767 4519 1829 4574 qum

194 4592 244 4648 Cui
271 4591 384 4646 vanitati
408 4588 537 4646 laeillima
562 4592 796 4663 argumentatione
823 4593 876 4649 lanc
905 4594 986 4651 modo
1036 4600 1129 4667 ntique
1145 4597 1180 4654 ab
1205 4595 1306 4653 illicitis
1319 4597 1456 4654 emanere
1475 4606 1598 4666 oensem,
1613 4595 1747 4655 iatesoere
1760 4608 1829 4655 'ere-

194 4687 285 4751 potest
304 4680 394 4745 reniti,
419 4680 583 4750 quoniamsi
601 4681 630 4737 id
645 4681 736 4736 dicere
758 4683 831 4752 quod
852 4698 907 4739 uon
931 4693 984 4753 est,
1035 4688 1140 4745 dendus
1163 4696 1216 4745 est.
1242 4687 1301 4744 llon
1324 4696 1415 4745 autent
1439 4699 1596 4744 muemrum
1624 4688 1827 4761 Scripturarnm

194 4771 365 4827 menmium
389 4785 443 4827 ⁰⁰¹¹
471 4778 523 4838 δί,
551 4786 640 4842 neque
655 4773 684 4833 Ῑΰ
705 4773 796 4830 dim
823 4777 895 4845 ‘1¹¹⁰‘¹
921 4784 982 4845 0⁸²2
1035 4786 1112 4857 vigor
1122 4800 1184 4856 qum
1208 4785 1243 4841 alt
1265 4784 1368 4841 illicitis
1385 4784 1537 4864 quibusque
1550 4785 1689 4840 abstinere
1703 4793 1827 4849 censent,

193 4875 288 4918 verum
298 4877 359 4919 esse
369 4870 478 4933 potest:
495 4878 528 4919 ac
540 4877 590 4935 per
600 4865 686 4921 ltocsi
699 4866 809 4923 mentiri
821 4867 917 4924 vitium
929 4884 984 4925 non
1034 4874 1167 4931 tacuere
1188 4876 1340 4930 credendus
1360 4881 1402 4930 eat
1413 4890 1421 4929 :
1434 4882 1477 4930 est
1488 4873 1571 4944 igitur
1583 4873 1637 4931 tale
1653 4872 1829 4931 mendacium

192 4962 243 5020 est,
258 4969 346 5025 neque
358 4955 499 5013 veritatem
511 4956 633 5029 prolerre
642 4959 729 5014 virtus
739 4969 796 5027 est;
812 4970 840 5017 et
852 4961 985 5018 aarum·
1034 4967 1156 5039 prolerre
1168 4974 1320 5036 promtum.
1331 4964 1398 5020 Nam
1407 4963 1473 5019 dnm
1482 4979 1552 5035 pene
1561 4980 1642 5021 omne
1654 4963 1828 5021 mendacium

193 5055 249 5103 tem
262 5045 384 5117 prolerre
392 5063 426 5105 ac
437 5050 536 5105 sectari
549 5050 636 5108 virtus
645 5055 802 5122 caeperat
816 5054 898 5111 dubio
908 5070 984 5110 men-
1034 5059 1106 5128 quod
1131 5055 1241 5112 saliendi
1255 5056 1344 5111 studio
1357 5053 1496 5125 protertur
1511 5063 1653 5126 peceatum
1668 5055 1717 5119 sit,
1739 5053 1833 5117 multo

192 5138 238 5194 tiri
252 5138 474 5208 mendaciumque
484 5139 667 5218 aequiritinm
681 5151 733 5199 est
755 5142 830 5200 Unde
841 5160 904 5202 cum
919 5145 984 5202 dicit
1034 5149 1122 5221 magis
1148 5148 1201 5203 laec
1227 5145 1280 5202 tale
1301 5130 1471 5202 mendacium
1493 5153 1635 5216 peneaum
1660 5161 1722 5204 ease
1737 5155 1832 5221 potest

192 5228 254 5298 quis
266 5229 399 5299 picturam
412 5229 550 5287 Christum
566 5247 627 5289 esse
645 5234 691 5288 lic}
704 5234 812 5300 Filium,
839 5239 980 5307 mentitur,
1033 5256 1096 5298 cum
1124 5247 1180 5293 tam
1209 5237 1289 5291 uilem
1319 5250 1376 5291 rem
1404 5235 1474 5290 tanti
1500 5235 1620 5292 nominis
1654 5234 1826 5295 confessione

193 5326 294 5374 etcum
306 5321 444 5387 mentitur,
459 5335 601 5392 perperam
616 5325 693 5396 agita
713 5334 741 5382 et
757 5343 819 5383 eum
839 5343 982 5399 perperam
1033 5342 1189 5398 nuncupare
1214 5326 1325 5391 studet,
1353 5332 1381 5381 et
1403 5324 1604 5385 contessionem
1628 5342 1710 5397 quana
1732 5335 1829 5396 pastor

193 5410 359 5477 Ultimi
370 5424 378 5465 ι
389 5412 541 5483 nmigitur
550 5414 687 5485 picturam
699 5415 767 5473 dicit
779 5419 983 5477 mseDeitlhri·
1005 5453 1007 5455 .
1033 5417 1162 5474 Ecclesiae
1183 5417 1271 5471 eidem
1285 5414 1449 5486 redemptori
1473 5416 1598 5487 protulit,
1610 5431 1745 5493 quamque
1757 5431 1827 5487 quo-

193 5505 265 5552 atam
276 5498 324 5555 liei
335 5499 443 5570 itinn,
452 5514 558 5574 peomt.
577 5505 637 5561 lion
654 5506 727 5562 enim
737 5508 843 5577 pietrua
854 5509 982 5579 quaelibet
1032 5507 1098 5563 tidie
1109 5507 1135 5561 ei
1149 5505 1238 5561 omnis
1258 5512 1352 5561 sancta
1365 5504 1499 5565 catholiea
1512 5514 1540 5565 et
1551 5506 1712 5563 misenatis
1722 5506 1828 5579 proteu

195 5593 294 5642 uestras
314 5589 411 5649 salatia
426 5607 508 5650 cassa
521 5594 659 5653 hominem
683 5599 829 5668 assumpsit
843 5600 982 5657 eumdem·
1032 5596 1163 5661 Ecclesia,
1173 5611 1222 5666 per
1233 5605 1356 5666 quanam
1385 5596 1504 5655 salaatm
1517 5607 1613 5656 essue
1626 5600 1722 5656 stantis
1737 5600 1827 5670 speci.-

195 5692 248 5749 qne
261 5678 390 5751 flagellari
407 5690 435 5738 et
445 5699 495 5753 pro
510 5686 590 5743 nobis
601 5687 675 5743 cruci
696 5686 766 5760 affigi
783 5688 916 5759 permisit,
930 5705 980 5749 nec
1034 5687 1489 5761 menadipiscitur,dere'tuseusata
1496 5690 1557 5764 quis
1564 5689 1825 5764 praemenuerant
