4050 6192
223 360 277 425 tut
671 358 701 412 c.
721 335 1066 413 sanctimoniam.
1086 354 1226 412 ransc.
1247 354 1417 414 sucrton.
1798 363 1854 421 nee

222 474 389 534 maenadas
400 471 531 542 imagines
542 470 696 526 fatebantur
711 477 739 526 et
758 469 827 525 Galli
848 468 945 533 nostri,
964 466 1012 523 sed
1026 477 1049 531 it
1063 469 1198 526 contraire
1210 483 1250 533 se,
1263 469 1387 540 quisquis
1407 482 1453 524 eas
1470 465 1579 539 frangit,
1592 469 1635 526 uel
1647 471 1751 538 adorat,
1769 477 1855 534 rumis

222 562 278 604 non
292 561 325 600 eo
345 544 425 598 modo
450 554 532 610 quem
544 548 671 596 sanxerat
698 539 806 595 liiceua
829 535 957 608 synodus,
985 543 1015 591 et
1064 539 1190 595 omnibus
1201 546 1387 607 recognoscat.
1408 557 1418 591 r
1755 549 1758 553 ⁴

221 629 303 687 quem
327 612 414 669 Graeci
429 609 643 680 frequentabant,
662 610 764 665 scilicet
777 607 1010 679 ingeniculatione,
1099 610 1133 663 Et
1144 624 1204 678 cap.
1218 609 1358 677 trigesimo
1368 609 1465 678 primo,
1473 615 1618 678 utramque
1625 607 1781 668 trecorum
1791 631 1854 686 syn-

221 684 366 742 innexione
383 680 488 751 capitis,
503 680 612 744 osculis,
634 678 862 751 thymiamatibus,
874 676 1013 731 luminari·
1063 680 1160 745 odom,
1188 679 1303 749 primam
1327 686 1422 735 contra
1445 679 1575 747 imagines
1607 677 1851 754 Constantinopoli,

222 756 273 811 btts
283 767 374 809 coram
385 750 515 807 accensis.
528 749 687 818 Quanquam
698 748 770 802 enim
781 748 920 817 baccigna
931 748 1015 801 hono·
1063 749 1175 804 aiteram
1189 763 1239 819 pro
1256 749 1418 872 imaffinibus
1428 747 1525 804 nicee
1544 748 1664 804 habitam
1684 767 1852 823 comparans,

222 825 262 879 ris
271 822 412 878 arbitraria
423 835 483 875 esse
493 835 546 874 non
563 820 708 884 nescirent,
730 826 758 872 et
778 817 818 872 vel
839 831 900 873 cnm
920 816 1013 870 adora·
1063 818 1123 874 bac
1142 817 1243 873 habeta
1261 837 1272 869 ι
1296 817 1336 874 lli
1353 834 1400 875 eas
1422 816 1611 874 conuellendas
1633 827 1715 889 atquc
1733 833 1853 880 coutem-

222 894 296 948 tioue
306 892 400 956 latriae,
416 889 457 944 vel
473 905 535 944 cnm
555 889 629 944 cultu
652 888 776 958 religioso
795 885 931 942 inferioris
943 886 1014 966 ordi-
1063 887 1166 943 nendas
1176 903 1236 945 esse
1245 890 1452 944 censuernutab
1467 887 1588 944 Ecclesia
1607 899 1737 959 perpetua
1749 894 1854 950 abdica·

221 963 275 1028 nis,
291 961 333 1018 rel
342 960 424 1016 etiam
436 975 497 1014 curu
510 973 584 1013 mere
592 958 665 1014 ciuili
678 957 849 1013 veneratione
868 954 1010 1024 conjunge
1063 958 1154 1013 donc:
1171 958 1216 1014 isti
1229 974 1276 1014 eas
1290 974 1345 1014 non
1357 958 1443 1014 solum
1458 958 1605 1024 habendas,
1617 962 1794 1017 verumetiam
1807 980 1854 1021 rc-

222 1030 361 1100 bemuque
379 1027 485 1084 adorari
502 1029 529 1083 in
542 1028 636 1098 spiritu
657 1028 817 1092 etrcritate,
839 1034 866 1081 et
886 1041 940 1079 nou
960 1024 1012 1079 ccli
1062 1028 1197 1084 ncrandas
1209 1027 1318 1084 student
1328 1028 1440 1099 supplici
1455 1028 1622 1084 adoratione.
1640 1029 1680 1084 llli
1703 1047 1750 1086 eas
1778 1049 1855 1089 man-

222 1101 274 1156 nisi
294 1115 386 1155 amore
401 1113 481 1167 snper
501 1099 600 1162 omnia,
616 1099 644 1153 in
663 1113 717 1167 quo
731 1097 818 1166 posita
835 1103 877 1150 est
888 1094 939 1150 soli
956 1094 1012 1149 ilco
1062 1098 1187 1166 eipavene
1206 1099 1400 1169 crepitantibus
1420 1098 1545 1169 ignibus:
1558 1098 1602 1154 isti
1616 1099 1749 1155 honorant
1762 1101 1854 1158 odori·

220 1168 311 1226 dehita
320 1169 454 1224 servitus:
471 1169 534 1237 quia
552 1175 644 1222 tamen
661 1168 689 1222 hi
701 1168 769 1223 ritus
788 1167 816 1221 in
834 1173 947 1220 externo
964 1164 1012 1219 Dei
1062 1167 1127 1222 feris
1134 1168 1362 1239 thymiamatibus.
1371 1169 1409 1223 llli
1418 1167 1720 1238 mseilngiehantetiam
1727 1187 1851 1228 cernere:

221 1238 295 1296 cultu
306 1238 476 1302 adhibentur,
489 1237 659 1307 etprcccipue
671 1239 698 1292 in
716 1237 857 1292 incruento
868 1233 1009 1298 sacrificio,
1062 1237 1107 1291 isti
1119 1246 1291 1294 concessant
1306 1238 1442 1307 amplecti.
1465 1238 1505 1292 illi
1527 1236 1643 1294 effodere
1661 1239 1695 1294 ad
1710 1255 1853 1298 ornamen-

221 1308 402 1364 timebantur
421 1307 516 1362 flerent
537 1308 667 1376 impen'tis
687 1306 787 1362 erroris
809 1305 925 1370 occasio,
949 1304 972 1359 si
984 1305 1012 1357 in
1062 1316 1120 1362 tum
1137 1308 1257 1364 ecclesie
1271 1307 1389 1378 antiquis
1405 1308 1566 1376 constitutas
1580 1308 1608 1362 in
1619 1309 1787 1378 parietibus:
1806 1312 1851 1367 lsti

220 1377 368 1446 imaginum
385 1391 491 1447 qnoque
501 1377 672 1432 veneratione
684 1376 723 1430 fre
743 1383 927 1430 nentarentur.
938 1373 1012 1441 lpsos
1063 1391 1148 1446 nuper
1166 1378 1288 1433 conditas
1310 1379 1408 1434 oblatis
1430 1377 1595 1448 perlustrant
1615 1377 1801 1436 luminaribus.
1814 1382 1854 1438 llli

220 1456 312 1502 numm
325 1448 442 1503 maxime
461 1446 655 1507 commovebat,
677 1393 750 1516 qugd
769 1444 876 1500 Nicaena
894 1442 1012 1525 synodus
1062 1462 1109 1502 eas
1122 1448 1267 1503 studebant
1279 1462 1391 1518 prorsus
1404 1448 1572 1503 abominari:
1592 1446 1637 1502 lsti
1652 1450 1780 1504 sanciunt
1794 1455 1847 1506 om-

221 1517 393 1572 anathemate
408 1515 555 1585 perculisse
566 1514 701 1570 videretur
712 1530 759 1570 eos
769 1515 815 1584 qui
825 1513 859 1567 ab
870 1511 1013 1568 hacdtsct·
1061 1518 1126 1572 nino
1140 1517 1266 1573 osculari.
1285 1518 1324 1573 illi
1335 1518 1598 1573 anathematizabant
1617 1518 1766 1576 hahentes:
1781 1522 1853 1576 istie

220 1585 294 1654 plina
317 1585 503 1640 abhorrerent.
529 1602 539 1636 t
564 1584 593 1639 Si
608 1586 678 1655 quis,
695 1585 791 1654 inquit,
805 1583 936 1651 imagines
956 1597 1011 1637 nou
1062 1587 1197 1642 contrario
1213 1603 1266 1642 nou
1281 1587 1434 1643 adorantes.
1452 1586 1518 1653 Qua
1529 1585 1583 1641 dno
1600 1587 1670 1641 mala
1683 1604 1745 1646 cum
1770 1589 1854 1645 alter·

220 1653 378 1709 minareris
406 1653 434 1708 in
466 1654 574 1710 nomine
596 1655 701 1709 bonoim
724 1662 751 1709 et
771 1660 924 1708 sanctorum
942 1650 1010 1721 ejus,
1061 1666 1153 1710 utrum
1166 1657 1217 1712 sibi
1228 1658 1362 1713 contraria
1377 1658 1443 1721 sint,
1458 1664 1597 1712 etarccto
1607 1659 1715 1713 tramite
1725 1667 1852 1726 mmota,

220 1724 363 1778 anathema
375 1724 419 1779 sit·
437 1724 517 1788 illel,
529 1724 675 1781 sectandum
687 1725 825 1794 antiquam
836 1722 1009 1777 versionem:
1063 1734 1148 1781 restat
1168 1728 1246 1784 nohis
1256 1736 1286 1782 ut
1306 1728 1377 1782 uiam
1392 1727 1503 1797 regiam,
1526 1725 1672 1782 secundnm
1693 1726 1852 1797 Apostolum

223 1813 233 1843 ι
250 1791 279 1847 Si
294 1793 356 1862 quis
365 1810 420 1849 non
434 1794 572 1849 osculatur
582 1796 639 1856 has,
656 1802 783 1864 tanquam
795 1792 943 1873 innomine
962 1791 1013 1846 lin
1028 1795 1225 1919 Egredientes,
1237 1813 1325 1867 neque
1344 1796 1376 1851 ad
1389 1796 1538 1860 dexteram,
1551 1811 1640 1865 tneque
1659 1798 1693 1852 ad
1713 1799 1851 1853 sinistram

220 1861 287 1916 mini
297 1870 489 1919 ctsanctorum
506 1863 564 1932 ejus
584 1862 678 1926 factas,
691 1864 834 1918 anathema
853 1869 900 1917 stt.
916 1862 1012 1931 rlpsos
1080 1866 1244 1921 eclinemus:
1261 1876 1291 1922 ut
1309 1881 1360 1923 uec
1378 1882 1440 1922 cum
1463 1866 1516 1920 illis
1528 1880 1639 1935 prorsus
1653 1866 1797 1923 abolendis
1808 1866 1851 1922 dg.

220 1934 407 1988 commovebat
417 1932 527 2002 pariter,
540 1932 611 2002 qnod
623 1933 787 2002 Epiphanius
806 1931 945 1997 diaconus,
966 1946 1012 1986 ac·
1058 1935 1220 2005 judicemus,
1245 1950 1294 1992 nec
1318 1951 1379 1992 cum
1399 1937 1459 1991 istis
1483 1934 1632 1990 adorandas
1652 1934 1849 1992 decernamus:

220 1999 294 2056 tione
308 2001 334 2067 6,
349 2002 492 2070 plaudente
512 2004 623 2073 synodo,
635 2011 756 2058 vocasset
776 2018 823 2058 eos
842 2001 1009 2071 temiproror,
1061 2004 1108 2061 sed
1125 2006 1210 2061 solum
1222 2007 1305 2062 llenm
1318 2006 1470 2071 adorantes,
1491 2012 1519 2060 et
1532 2004 1590 2072 eius
1602 2015 1710 2061 sanctos
1720 2022 1851 2061 ueneran-

219 2069 420 2139 quidicehant:
441 2090 451 2124 t
470 2072 628 2143 imaginales
646 2072 821 2127 formationes
841 2069 963 2125 sufficere
983 2070 1010 2123 in
1062 2083 1113 2140 tes,
1136 2075 1440 2146 socundumautiquam
1465 2075 1575 2130 Patr-um
1595 2083 1623 2128 et
1641 2075 1851 2132 ecclesiasticam

219 2143 502 2197 commemorationem
514 2150 618 2197 tantum
637 2142 741 2205 baberi,
761 2149 789 2196 et
808 2157 861 2197 non
881 2137 1010 2195 etiamad
1061 2145 1242 2212 traditionem,
1258 2162 1305 2201 eas
1321 2146 1348 2200 in
1361 2146 1485 2211 ecclesia,
1503 2145 1531 2200 in
1550 2154 1719 2211 ornamenta,
1741 2153 1769 2202 et
1791 2161 1850 2200 me·

219 2209 418 2266 salutationem.
437 2233 446 2264 ι
462 2212 537 2267 Licet
550 2222 639 2267 autam
656 2213 713 2268 baec
724 2211 863 2280 disciplina
883 2208 979 2264 fuisset
994 2224 1009 2261 a
1061 2215 1172 2270 moriam
1187 2230 1277 2271 renim
1296 2224 1442 2286 gestarum,
1458 2218 1480 2270 si
1501 2215 1575 2281 tibet,
1592 2214 1748 2270 babeamus.
1767 2236 1777 2268 s
1796 2216 1850 2272 ve-

220 2277 344 2336 Patribus
359 2280 473 2336 Nicaenae
488 2282 583 2353 synodi
596 2281 629 2336 ad
640 2297 738 2337 novam
751 2281 875 2336 baeresim
887 2293 1012 2335 coercet·
1060 2285 1193 2340 nerandas
1205 2286 1335 2353 imagines
1351 2284 1484 2341 Gallicani
1495 2285 1625 2366 presules
1638 2284 1849 2348 arbitrabantur,

220 2347 282 2403 darn
293 2352 462 2408 sanctissime
477 2353 633 2417 constituta,
648 2351 778 2407 Gallicani
793 2359 883 2405 tarum
899 2348 1010 2404 Germa-
1060 2354 1109 2409 sed
1120 2371 1174 2410 non
1188 2355 1241 2410 aiio
1259 2354 1340 2410 modo
1354 2371 1435 2424 quam
1456 2370 1503 2423 qttt
1515 2354 1550 2409 ab
1562 2355 1674 2423 antiquo
1685 2355 1849 2419 obtinuerat,

220 2422 302 2487 nique
311 2420 438 2489 episcopi,
455 2424 499 2492 qui
521 2421 622 2493 synodo
637 2438 691 2476 non
712 2420 900 2483 interfuerant,
918 2433 1010 2473 necea
1060 2431 1087 2478 et
1102 2433 1223 2480 asanctn
1236 2423 1366 2493 Gregorio
1380 2425 1475 2494 llagno
1496 2424 1658 2493 approbatos
1670 2424 1756 2479 estad
1771 2424 1850 2479 Sere-

219 2486 255 2543 dc
268 2503 299 2544 re
312 2488 418 2544 fucrant
431 2507 480 2560 per
489 2491 594 2548 litteras
615 2492 739 2556 consulti,
754 2505 808 2544 nou
828 2489 958 2558 putabant
977 2502 1009 2542 ea
1060 2509 1125 2548 num
1143 2508 1159 2547 e
1179 2495 1297 2564 iscopum
1320 2495 1513 2550 Massiliensem
1535 2494 1681 2557 scribente,
1696 2503 1727 2548 ut
1747 2494 1851 2550 scilicet

220 2572 251 2613 se
320 2560 325 2571 '
366 2561 664 2631 iposseetprcecepsi
699 2561 723 2616 is
742 2559 883 2614 ridebatur
899 2557 1010 2612 anathe·
1061 2510 1849 2620 incoefesttstronorittcecollocarentur1exterrst0nem

220 2641 323 2711 ma,qu
368 2632 396 2683 in
412 2631 578 2688 eoscxteudi
594 2647 647 2686 non
678 2632 778 2693 eheret,
796 2644 910 2699 quorum
921 2626 1011 2708 Eccle:
1059 2634 1154 2687 veroli
1175 2632 1288 2690 'usmodi
1300 2634 1421 2696 honoris,
1443 2649 1491 2688 scu
1514 2634 1695 2687 accessionem
1709 2649 1725 2686 a
1741 2633 1850 2689 Nicacna

219 2696 260 2752 sia
269 2698 338 2755 altos
347 2715 437 2756 mores
447 2703 571 2768 habebat,
583 2702 718 2771 aliamque
734 2699 903 2770 disciplinam
918 2716 925 2750 z
940 2695 1011 2752 Galit
1060 2717 1080 2756 tt
1093 2717 1142 2773 syn
1179 2702 1315 2769 nfactam,
1330 2713 1357 2760 et
1370 2719 1401 2758 cr
1415 2703 1519 2758 Gracia
1533 2709 1631 2765 ortam,
1645 2710 1674 2756 nt
1688 2702 1792 2758 scilicet
1803 2718 1849 2756 sa·

219 2768 292 2822 enim
316 2777 344 2824 et
369 2771 505 2835 Germani,
531 2772 644 2827 duorum
667 2770 843 2826 conciliorum
867 2766 1010 2824 conmariis
1060 2771 1249 2838 linctionibus,
1273 2774 1383 2838 osculis,
1408 2772 1638 2843 thymiamatibus,
1660 2770 1848 2837 luminaribus,

216 2835 417 2895 definitionibus
434 2842 545 2905 turbati,
561 2842 625 2897 binc
641 2838 943 2921 Constantinopolitanae
956 2838 1011 2892 ico·
1060 2842 1256 2912 significaretur
1269 2843 1387 2912 ipsamm
1410 2841 1557 2907 veneratio,
1573 2857 1627 2896 non
1650 2855 1777 2911 recepere
1795 2842 1849 2896 nisi

217 2909 421 2975 nomachornm,
445 2927 506 2981 quae
531 2911 661 2994 imagp’nes
681 2925 714 2966 cx
735 2910 856 2966 ecclesiis
876 2906 1007 2975 ejeceram
1059 2921 1120 2983 post
1141 2911 1240 2967 multos
1255 2929 1349 2969 annor.
1365 2912 1419 2968 Nec
1434 2913 1542 2975 mirum,
1557 2926 1619 2966 cum
1634 2910 1771 2966 Nicaenam
1783 2926 1849 2976 syn-

217 2976 291 3033 iilinc
317 2977 439 3043 Nicaeum,
462 2996 522 3051 qum
546 2982 612 3050 ipsus
632 2979 804 3036 honorariam
824 2978 1009 3034 adorationem
1060 2981 1142 3037 ndum
1155 2997 1174 3036 rr
1187 2996 1237 3052 pro
1249 2982 1415 3038 oecumonica
1429 2997 1482 3037 non
1501 2980 1641 3046 baberent,
1657 2979 1705 3034 sed
1717 2995 1777 3035 eam
1789 2996 1850 3051 spe-

216 3044 383 3113 doel'elemb
408 3058 436 3105 θῑ
461 3051 636 3115 salutatione,
658 3050 889 3121 thymiamatibus,
915 3061 1009 3102 cereo·
1058 3059 1164 3108 ctarcnt
1175 3062 1205 3106 ιιι
1218 3054 1348 3123 synodum
1363 3051 1525 3109 nationalcm
1536 3051 1666 3106 (Ιιιιιιιιιιι
1678 3048 1849 3117 trecorum,

217 3131 277 3170 rum
286 3120 454 3184 accensione,
469 3120 539 3176 hanc
552 3122 698 3191 significari
710 3120 751 3175 vel
765 3118 892 3186 iusserat,
911 3116 953 3171 rel
963 3131 1008 3185 ap
1060 3131 1090 3176 ut
1105 3120 1217 3178 inferius
1230 3123 1391 3178 videbimus.

197 3186 386 3255 probaverat,
398 3192 513 3245 mediam
530 3192 600 3245 viam
621 3192 735 3262 elegere,
756 3188 843 3243 donec
863 3187 908 3241 lux
923 3177 1045 3254 majore
1094 3191 1212 3246 Tandem
1236 3191 1394 3247 incredibile
1419 3197 1461 3265 est
1483 3189 1637 3246 Gallicanos
1658 3189 1807 3259 episcopos,
1833 3204 1853 3246 e

217 3258 342 3312 tenebras
354 3257 491 3315 discussit.
509 3260 640 3331 imagines
664 3260 767 3315 scilicet
785 3272 873 3326 neque
890 3254 1007 3311 eonfrin·
1059 3276 1171 3332 quartum
1184 3271 1255 3317 coetu
1266 3260 1406 3317 duodecim
1420 3275 1504 3316 sncrae
1518 3259 1664 3327 Scriptura
1675 3265 1703 3313 et
1714 3274 1851 3314 mannum

216 3326 326 3394 gendas,
340 3344 427 3398 neque
436 3329 587 3386 adorandas
601 3329 670 3399 apud
686 3345 716 3384 se
737 3327 942 3386 constituerunt,
965 3325 1007 3380 rot
1059 3330 1215 3402 peritissimi
1229 3330 1365 3400 Stephano
1380 3337 1476 3399 quarto
1491 3328 1612 3399 pontifici
1626 3328 1743 3382 maximo
1756 3326 1784 3383 in
1796 3329 1850 3384 lic·

215 3395 305 3464 potius
316 3398 349 3453 ab
362 3400 473 3470 antiquo
483 3400 669 3463 constitutum,
691 3408 749 3455 eta
769 3404 863 3452 sancto
877 3395 1008 3465 Gregorio
1060 3415 1139 3455 mana
1163 3399 1266 3470 synodo
1290 3398 1455 3464 assidentes,
1481 3398 1684 3453 venerationem
1708 3412 1851 3453 sacrarum

216 3475 314 3536 magno
326 3469 514 3526 confirmatum
528 3470 709 3526 Ecclesiamm
724 3481 833 3523 suarum
848 3481 950 3521 morem
965 3481 1009 3520 re-
1061 3469 1206 3539 imaginum
1219 3478 1374 3534 sanxerant,
1388 3485 1404 3524 a
1428 3468 1572 3523 traditione
1592 3467 1630 3522 ita
1652 3468 1802 3533 aberrasse,
1818 3477 1850 3522 ut

215 3535 456 3608 tinuereldpatct
465 3555 499 3595 cr
511 3555 571 3609 cap.
586 3540 714 3609 vigesimo
732 3537 813 3594 tertio
825 3536 885 3591 iibri
896 3535 1006 3591 secundi
1059 3555 1151 3594 earum
1179 3537 1281 3593 cultum
1303 3554 1410 3594 omnem
1435 3537 1586 3607 rejicerent.
1608 3537 1646 3591 lle
1671 3551 1723 3606 qua
1744 3536 1851 3606 synodo

215 3603 344 3663 Garolini.
357 3626 367 3660 t
382 3611 513 3680 imagines
523 3626 596 3677 sane,
616 3610 712 3681 inquit,
724 3622 839 3693 quarum
859 3605 1009 3661 insolentis·
1060 3608 1232 3663 lladtianusl
1251 3608 1278 3662 in
1301 3607 1455 3664 defensione
1480 3606 1574 3679 synodi
1599 3622 1636 3660 rut
1662 3606 1696 3660 ad
1719 3604 1848 3660 Carnium

215 3674 292 3730 simae
313 3677 476 3735 adorationis
501 3695 578 3735 amor
601 3680 777 3736 Constantino
796 3683 825 3730 ct
848 3675 928 3730 matri
950 3674 1009 3744 ejus
1060 3678 1194 3760 llagnum,
1208 3692 1267 3748 cap.
1280 3676 1332 3732 bu
1347 3677 1632 3734 Praedeoessornoster
1645 3683 1849 3756 sancta-recor-

216 3743 309 3813 ltettae,
327 3763 432 3804 necnon
454 3759 482 3806 et
501 3751 612 3806 Tarasio
636 3745 932 3815 Constantinopolitano
951 3745 1009 3814 epi·
1060 3747 1176 3803 dationis
1188 3747 1302 3802 domnus
1316 3746 1467 3817 Stephanus
1479 3762 1556 3818 papa,
1570 3761 1630 3800 cum
1642 3760 1731 3814 eptsco
1751 3761 1774 3799 ts
1786 3759 1849 3813 par·

298 3819 478 3880 ,exercendae
497 3820 592 3891 synodi
613 3837 694 3878 cansa
708 3816 890 3881 exstitit,aB.
906 3815 1009 3884 Grego·
1061 3818 1128 3874 tium
1148 3815 1279 3880 Francius,
1302 3825 1383 3887 atque
1406 3816 1489 3871 labae
1511 3814 1658 3886 presidens
1683 3815 1711 3868 in
1769 3814 1848 3869 silica

215 3828 395 3945 :immam
406 3891 480 3946 urbis
490 3891 610 3947 antistite
629 3899 656 3946 et
665 3888 770 3946 adorari
790 3886 968 3956 prohibentur
980 3894 1009 3941 et
1061 3886 1219 3952 salvatoris,
1229 3887 1400 3955 processuris
1412 3886 1454 3942 sni
1464 3884 1615 3942 venerabile
1628 3882 1771 3939 concilium
1784 3898 1851 3939 oon·

217 3951 313 4026 hugi,
325 3967 378 4015 etc.
398 3960 457 4015 rllt
466 3961 608 4017 recensitis
626 3961 712 4018 sancti
727 3956 850 4027 Gregorii
869 3956 960 4011 verbis
980 3957 1008 4010 in
1060 3956 1449 4027 hrmansatqueamplectcus,
1463 3969 1588 4011 unacum
1602 3953 1727 4034 omnihus
1739 3952 1848 4034 episco-

216 4025 330 4095 epistota
340 4029 374 4085 ad
386 4029 528 4095 Serenam,
541 4033 578 4086 ita
588 4032 743 4088 concludit:
759 4028 851 4082 «Ecce
862 4041 916 4096 qno
926 4027 1009 4096 magi·
1059 4042 1101 4153 flrzs
1114 4026 1328 4097 presidentibus,
1342 4034 1495 4082 sanctorum
1505 4026 1615 4081 Patrum
1628 4024 1789 4078 testimoniis
1799 4023 1849 4076 ad-

168 4159 175 4168 ,
216 4100 309 4165 aterio,
323 4115 411 4169 quoue
424 4100 585 4157 documento
595 4100 740 4158 venerandi
750 4096 885 4168 pontificis
899 4096 1005 4161 imbuti,
1103 4110 1175 4162 rens,
1202 4094 1315 4151 adorare
1338 4106 1419 4165 atque
1444 4094 1566 4152 venerari
1597 4107 1688 4149 sacras
1715 4091 1850 4162 imagines

217 4164 347 4238 imagines
358 4171 385 4225 in
395 4170 516 4227 ecclesiis
527 4172 627 4227 babere
637 4187 690 4226 non
699 4168 847 4231 renuimus,
855 4167 903 4222 sed
912 4181 1007 4222 earum
1059 4172 1221 4223 statuerunt.
1241 4184 1250 4218 ι
1265 4164 1339 4221 ldcm
1357 4174 1471 4223 testator
1488 4163 1646 4222 Anastasius
1666 4161 1852 4219 Bibliodrcca-

217 4233 399 4298 adorationem
426 4255 538 4312 prorsus
568 4240 752 4298 abdicamus:
778 4235 857 4307 cujus
878 4236 1008 4292 institutis
1059 4237 1155 4294 riusin
1170 4236 1229 4293 llita
1243 4234 1371 4306 Stephani
1384 4235 1432 4298 li.
