4050 6192
110 288 121 310 ’
161 328 213 387 ssu
252 325 331 383 con.
351 323 439 379 mnu.
453 353 489 365 -
508 322 655 392 nosnn,
673 323 763 398 que,
782 325 850 384 suu
865 326 979 385 consu
998 326 1205 390 conminus.
1220 359 1257 370 -
1274 328 1350 385 arr.
1370 330 1521 388 ,lonium
1540 364 1576 374 -
1595 334 1715 394 nourr.
1752 337 1809 397 aer

160 441 313 499 monem
335 439 468 510 perlicere
484 436 613 506 jubeatis,
628 446 658 492 ut
674 437 821 508 perfectam
833 454 958 496 remano
973 446 996 503 Α
1008 439 1092 508 Petri,
1115 442 1296 513 apostolorum
1317 444 1469 514 principis,
1493 429 1676 503 anathematis
1696 448 1807 506 uinculo

160 536 297 591 ratiomm
310 531 407 601 ajusto
416 529 507 598 judice
518 530 573 585 Deo
587 537 692 597 nostro,
709 532 893 587 intercedente
902 531 960 602 ejus
1012 548 1073 589 esse
1087 534 1253 603 innodatum,
1268 545 1322 591 eta
1341 552 1424 608 reqno
1440 537 1488 593 lici
1505 538 1633 606 alienum,
1651 549 1733 611 atque
1744 558 1806 598 enm

160 625 285 699 principe
295 621 492 693 apostolomm,
511 623 591 677 beato
602 620 693 689 Petro,
706 621 892 692 suscipientes
1012 624 1120 682 diabolo
1130 627 1226 697 eteius
1240 628 1417 685 atrocissimis
1426 629 1543 701 pompis,
1556 639 1584 686 ot
1599 632 1705 688 canteris
1717 632 1808 706 impiis

199 715 366 772 Prmeotem
386 715 477 783 itaque
499 721 621 769 nostram
639 713 856 769 exhortationem
880 721 962 784 atque
1011 714 1123 771 aeterrns
1149 715 1282 772 incendiis
1305 718 1550 785 concremandum,
1577 721 1746 791 deputatum.
1772 723 1809 780 At

162 807 370 879 adq'urationem,
395 806 422 859 in
443 802 614 859 confessione
638 804 710 860 beati
732 803 804 860 Petri
819 814 959 876 ponentes,
1011 821 1076 861 vero
1089 807 1135 877 qni
1153 809 1312 864 observator
1326 819 1457 866 eteustos
1474 811 1553 868 istius
1567 825 1667 870 nostrae
1679 817 1809 872 exhorta·

163 907 193 956 et
206 898 372 955 sacrificium
392 911 547 966 supeream
563 904 644 964 atque
668 895 772 951 hostias
793 896 849 951 lieo
866 905 961 950 nostro
1012 897 1094 954 tionis
1113 898 1257 964 exstiterit,
1283 900 1439 956 celestibus
1461 900 1695 961 benedictionibus
1714 920 1730 959 a
1753 905 1807 962 llo-

163 989 322 1055 offerentes,
334 988 413 1044 uobis
429 1002 492 1042 com
512 986 640 1058 lacrymis
653 1001 687 1043 eu
700 986 794 1043 eadem
807 1001 883 1043 sacra
895 1002 961 1043 eoo·
1011 991 1086 1062 mino
1101 990 1167 1047 'lieo
1191 999 1285 1047 nostro
1312 991 1477 1059 illustratus,
1503 995 1613 1050 artemis
1633 995 1807 1064 praemiorum

163 1086 284 1142 iemiom
307 1083 470 1150 direximus;
488 1091 516 1138 et
532 1082 641 1153 siquis,
659 1083 732 1154 quod
753 1098 806 1139 non
824 1091 959 1154 optaram,
998 1081 1126 1151 -qandiis,
1146 1097 1209 1138 eum
1227 1083 1352 1140 omnibus
1370 1084 1473 1140 sanetis
1488 1093 1516 1140 et
1535 1084 1629 1141 electis
1645 1086 1703 1154 liei,
1722 1087 1808 1158 partl-

161 1185 260 1231 eontra
286 1172 440 1242 huiusmodi
455 1181 555 1229 neore
573 1171 750 1243 adjurationis
768 1172 866 1228 seriem
880 1188 961 1245 apere
1010 1186 1076 1242 eeps
1099 1170 1168 1230 ellici
1184 1184 1321 1250 mereatur
1333 1176 1357 1229 b.
1373 1174 1537 1232 ineolumem
1551 1176 1739 1232 excellentiam
1759 1193 1808 1232 re·

162 1265 377 1336 presumpserit,
394 1265 462 1320 sciat
479 1279 510 1319 se
522 1264 685 1319 auctoritate
695 1264 787 1321 domm
812 1265 865 1321 mei
886 1265 959 1321 beati
1010 1272 1096 1319 stram
1113 1265 1200 1335 qratia
1215 1281 1332 1335 superna
1349 1266 1494 1323 custodian

199 1397 353 1455 ¹(laroluua
379 1399 406 1454 in
433 1406 548 1454 matrem
573 1414 650 1453 suam
680 1398 832 1454 reverentia
856 1406 959 1454 motnm
1011 1414 1082 1454 anno
1097 1397 1157 1461 iil,
1184 1399 1209 1453 in
1224 1397 1585 1469 cujusexitnllildegardem
1600 1399 1686 1456 duxit.
1710 1399 1806 1456 Nonne

160 1469 354 1539 posthabuisse
374 1469 445 1525 hane
466 1467 597 1538 Stephani
613 1468 835 1533 admonitionem,
849 1469 904 1525 inro
919 1477 960 1525 tot
1011 1467 1094 1540 igitar
1108 1468 1166 1523 lieri
1188 1471 1285 1539 potuit,
1301 1478 1331 1522 nt
1343 1470 1445 1538 absque
1457 1469 1601 1538 pontificiae
1614 1470 1808 1530 admonitionis

162 1540 299 1609 capitibus
312 1539 719 1622 metuendamndehortationenr,
730 1547 759 1593 ut
771 1538 838 1593 mihi
850 1553 960 1625 persqa-
1010 1546 1166 1664 contemptu
1183 1539 1285 1610 nuptiae
1304 1539 1356 1596 iilo
1372 1539 1480 1595 inutiles
1501 1538 1580 1595 laetae
1596 1539 1672 1594 siuti
1692 1539 1725 1594 ι.
1739 1538 1806 1610 Pap.

162 1609 767 1805 ffiffisnffifffoessfuzffieffiffl
776 1607 895 1734 fflssag
905 1611 960 1735 ξεῖ.
1011 1608 1326 1736 (αὲῗιὶνιίιιιιιῃιιιῗιέιιιιι
1338 1688 1381 1736 est
1394 1678 1506 1752 aliquid.
1528 1679 1700 1736 hlonumenta
1715 1687 1807 1736 vetera

164 1747 367 1818 Papebroehius
381 1749 408 1804 in
422 1749 482 1805 Vita
523 1749 669 1821 ildegardis
692 1749 739 1812 ait,
753 1748 892 1804 Dedderio
913 1766 958 1805 re-
1011 1765 1065 1805 non
1078 1749 1291 1807 desuutalaieis
1301 1751 1383 1807 etiam
1394 1750 1562 1821 principibus
1576 1749 1649 1807 lacta
1661 1767 1723 1808 euru
1734 1750 1808 1808 clau·

162 1818 277 1874 mimam
297 1833 359 1875 esse
382 1818 467 1874 liliam
489 1834 568 1876 suam
581 1817 707 1875 acarolo
734 1819 875 1886 intactam,
902 1834 961 1891 seq,
978 1821 1082 1892 usulis
1094 1821 1146 1877 ista
1159 1820 1415 1878 vehementioribus.
1853 1865 1868 1901 ‚

1457 1992 1801 2009 mn*-

621 2104 705 2184 289
729 2108 782 2168 ua
816 2105 986 2168 nonium
1008 2106 1112 2167 xurx
1135 2101 1341 2166 srisroms

675 2283 1057 2364 COMMlNTtTlo
1086 2280 1298 2363 PRAEVlA.

822 2476 1138 2496 *-

197 2568 958 2646 t.Qucdurmesmauimeattendendeerantinpontili-
1012 2566 1095 2640 (diua
1121 2566 1186 2623 ltci.
1213 2575 1278 2624 tom.
1296 2567 1388 2641 l,par.
1406 2586 1433 2632 ιι,
1457 2585 1518 2642 pag.
1547 2571 1604 2646 38).
1632 2573 1699 2631 Nam
1714 2579 1809 2638 statim

157 2651 213 2708 ciis
224 2649 299 2705 hisee
346 2642 442 2708 istnlis,
460 2657 565 2697 summa
580 2639 692 2695 libertas
709 2638 887 2696 ordinationis
905 2640 959 2696 llo-
1010 2648 1072 2711 post
1091 2638 1228 2694 decretum
1247 2639 1387 2695 electionis
1399 2639 1594 2710 aliquantulum
1605 2646 1711 2701 varium
1727 2651 1761 2706 ab
1774 2666 1810 2706 co

157 2720 236 2776 mani
250 2661 396 2789 pontilicis,
416 2721 444 2768 et
458 2709 606 2768 dominatio
625 2709 710 2764 libera
727 2717 829 2765 sancte
846 2710 918 2765 sedis
930 2710 957 2765 in
1010 2710 1083 2780 quod
1095 2715 1185 2764 exstat
1204 2709 1231 2763 in
1250 2705 1361 2774 Diurno,
1382 2718 1408 2764 et
1425 2710 1582 2766 solecismis
1595 2727 1645 2783 pro
1664 2716 1708 2772 illa
1725 2728 1809 2778 ente

158 2790 237 2846 Urbe
251 2796 281 2842 et
294 2785 352 2840 e'ns
363 2784 472 2849 ducatu,
495 2797 529 2836 ex
546 2782 685 2849 hueusque
704 2778 795 2834 edatis
809 2781 957 2850 perspicuae
1010 2787 1126 2855 scetem,
1155 2779 1212 2834 bac
1241 2790 1392 2848 sequuntur
1411 2797 1448 2831 :r
1476 2779 1594 2852 Explicit
1617 2783 1724 2841 eiectio.
1746 2789 1808 2861 lpse

156 2868 236 2924 sunt,
250 2858 278 2912 ni
313 2854 391 2909 allor.
409 2853 535 2907 Attamen
558 2850 748 2906 luculentiores
770 2849 871 2904 eedem
892 2850 958 2904 licut
1009 2849 1092 2905 etiam
1112 2863 1173 2904 ren.
1188 2848 1324 2904 Adrianus
1343 2848 1371 2903 in
1386 2848 1462 2905 initio
1477 2851 1655 2908 ordinationis
1667 2870 1722 2912 suae
1735 2858 1806 2916 indi·

155 2947 193 2984 ex
208 2930 243 2983 iis
253 2943 315 2998 quae
327 2924 453 2993 deinceps
467 2921 623 2978 alienentur.
637 2919 773 2975 Praeterea
784 2933 860 2975 norm
877 2918 957 2974 ditio·
1009 2920 1099 2975 cuium
1114 2917 1435 2989 reetmssdeihnjusntodi
1453 2934 1511 2976 com
1550 2922 1622 2977 snit:
1640 2924 1695 2996 Ego
1711 2927 1805 2986 Adria-

156 3001 216 3062 nis,
237 3013 285 3053 seu
304 2994 474 3051 Esarehatus
495 3000 522 3047 et
542 2989 736 3060 Pentapoleos,
757 2987 834 3057 cujus
848 2989 956 3044 inllrma
1010 3006 1070 3053 nus,
1087 2997 1152 3054 ete,
1173 3009 1183 3042 r
1203 2997 1234 3042 ut
1246 2989 1273 3043 iu
1292 2989 1403 3045 lliurno.
1421 2991 1576 3046 indicunrn
1589 3008 1653 3051 nero
1668 2999 1807 3069 excipiunt

155 3083 269 3138 semper
289 3065 340 3122 luit
365 3078 525 3133 senaperque
549 3061 708 3117 meticulosa
732 3058 867 3129 possessio
893 3068 956 3116 ante
970 3057 993 3119 C
1008 3060 1141 3131 protessio
1156 3059 1339 3132 lldeiscriptis
1351 3061 1486 3124 mandata,
1504 3069 1531 3116 et
1546 3061 1597 3117 alia
1607 3065 1804 3134 protessioscn

154 3147 274 3196 exactos
287 3151 366 3208 reges
375 3132 577 3204 Langobardos,
592 3140 649 3186 tum
661 3130 748 3186 ualido
763 3146 795 3185 ae
809 3130 900 3187 stabili
916 3131 958 3186 ni·
1008 3130 1165 3200 alloquium,
1181 3145 1241 3201 quae
1252 3138 1280 3185 ct
1298 3132 1362 3202 ipsae
1377 3146 1438 3186 cnm
1449 3132 1581 3188 varietate
1598 3137 1688 3207 aliqua
1706 3139 1804 3198 baieri-

154 3209 244 3265 tentis
259 3206 445 3267 fundamento,
469 3211 524 3257 tum
548 3203 700 3273 ingentibus
714 3200 778 3256 hiae
792 3200 855 3256 inde
872 3209 958 3257 auctae
1009 3210 1053 3255 tur
1067 3217 1092 3255 ιιι
1113 3200 1235 3266 Diuruo;
1251 3215 1315 3255 naar
1328 3215 1378 3273 per
1396 3209 1482 3256 totum
1501 3213 1627 3259 octavum
1650 3223 1805 3280 tronumque

154 3276 337 3335 incrementis
359 3283 532 3329 monumenta
553 3279 628 3328 certa
647 3271 793 3342 spectanda
814 3272 958 3327 restantia
1007 3271 1136 3327 sacculum
1155 3279 1183 3325 et
1207 3272 1345 3340 sequentis
1368 3281 1474 3342 partem
1493 3272 1678 3331 obtinuerunt.
1706 3279 1805 3350 liuius-

151 3348 275 3404 Adriani
295 3344 418 3417 epistolis
441 3358 502 3415 qnae
529 3358 590 3398 mox
675 3350 782 3397 nentur.
805 3341 845 3396 lix
863 3356 957 3397 eamm
1006 3341 1080 3397 modi
1109 3341 1245 3397 ordinatio
1264 3341 1451 3398 liberareris
1474 3341 1641 3401 luitsanctar
1663 3348 1719 3404 sedi
1762 3363 1804 3410 nst

151 3431 270 3490 qnoque
291 3414 428 3471 nonnullis
443 3417 503 3487 (ep.
527 3413 576 3480 ld,
593 3411 637 3477 78,
676 3412 710 3478 2,
729 3412 765 3467 al.
783 3411 828 3478 96,
840 3409 886 3477 72,
901 3412 956 3485 9⁷)
1006 3410 1167 3483 Gregorium
1194 3410 1227 3465 lll
1256 3411 1282 3465 in
1305 3413 1516 3480 successorihus,
1546 3430 1615 3486 qnos
1634 3367 1761 3475 recensui)
1776 3424 1802 3480 in

153 3486 330 3544 collectionis
343 3501 487 3549 eanorrnnr,
500 3500 552 3554 qua
567 3483 605 3538 uti
617 3484 702 3553 coepit
716 3491 810 3538 sancta
822 3483 900 3537 sedes
912 3497 958 3538 oe-
1006 3483 1110 3537 mocrito
1130 3482 1164 3536 ad
1181 3480 1308 3551 epistolas
1331 3482 1510 3555 pseudopapae
1526 3484 1712 3555 Constantini,
1736 3490 1804 3548 Leo·
1881 3548 1885 3556 ,

152 3568 224 3613 taso
245 3556 344 3613 seculo
359 3572 374 3610 a
391 3554 552 3625 Dionysiana
575 3555 697 3619 diuersae,
709 3553 809 3608 clarior
822 3567 902 3623 quarn
922 3568 956 3607 ex
1006 3552 1050 3608 nis
1061 3552 1093 3607 lll
1107 3550 1304 3607 ordinationem
1320 3552 1393 3609 hand
1410 3555 1628 3624 pretermittens,
1650 3573 1732 3629 quam
1751 3561 1803 3619 hu.

152 3628 302 3684 Zachariae
326 3625 456 3681 decretali
472 3625 586 3693 epistola
599 3623 658 3705 (ep.
675 3624 711 3686 8,
739 3621 818 3747 ald)
838 3622 957 3691 cogruitio
1002 3620 1122 3691 jusmodi
1141 3622 1224 3678 luisse
1244 3623 1347 3678 nullum
1362 3623 1483 3679 dubium.
1499 3623 1540 3680 An
1554 3626 1701 3698 quidquam
1717 3641 1803 3691 mota·

152 3706 296 3770 suppetet.
318 3695 447 3765 Daunique,
467 3695 538 3765 quod
555 3709 689 3765 praecipue
714 3701 795 3761 upton
816 3708 861 3746 nm
884 3700 953 3757 erat,
1006 3702 1064 3748 tum
1083 3692 1174 3757 luerit,
1197 3700 1340 3764 postquam
1354 3709 1369 3748 a
1381 3692 1471 3750 Leone
1493 3696 1552 3766 ipso
1571 3699 1804 3774 eoronamimpe-

152 3766 356 3839 quaestionibus
371 3764 428 3822 iere
447 3764 596 3820 innumeris
619 3763 787 3820 eruditorum
810 3761 894 3831 elapsi
916 3763 956 3818 la·
1006 3762 1100 3818 cialem
1112 3762 1225 3818 Carolus
1236 3773 1377 3820 assecutus
1389 3763 1448 3829 strit,
1468 3765 1662 3837 explorandum
1676 3770 1801 3841 essejam

151 3839 303 3907 hentisque
320 3835 410 3892 sarculi
432 3835 568 3958 precipue
586 3833 717 3889 adversus
736 3832 852 3902 diploma
867 3831 957 3889 Ludo
1005 3831 1072 3898 disi,
1100 3832 1147 3887 ubi
1171 3831 1205 3887 de
1223 3833 1368 3904 diplomate
1388 3834 1517 3890 badonici
1539 3835 1579 3892 Pii
1604 3855 1694 3896 scruto
1719 3842 1800 3899 insti-

150 3909 213 3964 viei
230 3908 283 3972 Pii,
301 3907 397 3962 modus
414 3905 511 3975 niquis
536 3905 672 3961 allrretnr.
690 3903 727 3958 Ea
747 3911 858 3973 propter
880 3911 957 3960 autc·
1006 3911 1108 3958 tuctur.

150 3994 243 4052 quarn
266 3979 297 4034 de
309 3976 429 4047 epistolis
451 3975 555 4044 loquor,
573 3974 694 4030 nonnihil
709 3974 798 4028 dicam
811 3974 844 4029 de
862 3988 957 4029 eonse-
1040 3973 1083 4030 lll.
1100 3973 1151 4030 llic
1162 3989 1226 4031 tero
1241 3973 1348 4030 silentio
1360 3974 1563 4044 praeterircnon
1577 3977 1662 4036 rlrbeo
1679 3978 1800 4040 e'usdem

150 4048 284 4108 eratione
297 4047 569 4116 Rorrraniponnncis
582 4046 615 4101 de
631 4043 751 4100 dominio
770 4043 850 4100 Urbis
860 4052 887 4099 et
902 4043 956 4099 llo-
1006 4052 1110 4101 naturae
1122 4060 1182 4101 esse
1202 4051 1404 4101 roonumeutunr
1431 4045 1502 4098 ande
1522 4044 1632 4102 Adriani
1652 3996 1802 4110 ordinatio·

151 4117 370 4184 manidoeatus,
389 4117 422 4173 de
444 4118 611 4173 incremento
625 4114 816 4172 ecclesiastice
834 4115 953 4181 ditionis,
1005 4130 1067 4169 nem
1087 4115 1219 4187 decerpsi,
1239 4131 1272 4170 ae
1285 4115 1443 4186 opuseulum
1465 4114 1531 4174 illni
1548 4114 1661 4175 loannis
1683 4121 1801 4191 diaconi,

152 4207 192 4248 ae
203 4188 239 4246 de
254 4187 409 4244 collectione
418 4203 552 4243 canonum
566 4185 698 4250 Romarm,
721 4186 956 4256 adrersnspmrei·
1005 4186 1077 4309 quod
1103 4186 1321 4241 consarcinatum
1343 4184 1448 4241 aiebam
1471 4201 1504 4240 ex
1525 4188 1610 4243 variis
1631 4190 1803 4263 antiquitatis

151 4277 227 4334 puas
241 4273 405 4330 nuperorum
424 4257 527 4329 aliquot
544 4257 705 4328 scriptorum
720 4255 870 4327 opiniones,
887 4271 955 4326 quas
1018 4255 1138 4310 nastulis.
1160 4255 1226 4326 Eius
1240 4255 1373 4327 siqnidem
1394 4254 1566 4312 llabillouius
1587 4266 1705 4317 testatur
1721 4279 1751 4320 se
1764 4266 1809 4322 ri·

151 4342 202 4389 ant
213 4345 287 4387 cem
310 4329 376 4386 ndcs
398 4329 554 4385 auctoribus
573 4326 663 4398 magni
680 4326 797 4382 nerrrinis
810 4328 856 4397 qui
874 4342 955 4397 supe·
1004 4325 1078 4382 disse
1094 4328 1217 4398 exempla
1235 4328 1289 4382 duo
1308 4327 1335 4382 in
1348 4327 1512 4397 pervetustis
1530 4329 1641 4385 totidem
1661 4331 1804 4391 codicibus

152 4401 223 4458 riori
235 4415 294 4456 aero
305 4399 463 4464 floruerunt,
477 4409 525 4454 aut
535 4414 613 4454 artior
623 4398 730 4461 nintius,
745 4396 861 4453 sortasse
871 4398 954 4453 etiam
1006 4398 1163 4453 monasterii
1171 4398 1236 4455 olim
1244 4397 1358 4453 celebris
1364 4397 1690 4485 Nonautullrni,aliadque
1696 4401 1802 4460 Romae.

151 4471 302 4529 arbitraria
322 4471 509 4540 interpretatio
525 4470 683 4526 chartarum
700 4477 831 4532 ueterum,
862 4483 955 4538 opere·
969 4461 993 4522 D
1006 4464 1035 4522 ld
1051 4475 1141 4523 antem
1164 4485 1217 4525 non
1237 4476 1279 4523 cst
1301 4467 1369 4523 satis
1383 4469 1416 4524 ad
1433 4469 1623 4540 ‹letergendam
1646 4482 1803 4544 imposturae

152 4549 232 4598 runt.
253 4539 369 4596 Tametsi
383 4541 471 4612 capita
487 4542 538 4596 ista
553 4539 658 4612 singula
671 4539 704 4594 ad
719 4539 827 4594 casdem
842 4483 952 4594 Yittems
1002 4546 1095 4592 notam
1113 4548 1297 4594 monumento.
1321 4536 1390 4593 Nam
1403 4548 1499 4594 auctor
1517 4543 1673 4609 monachus,
1691 4545 1800 4614 quirun

151 4612 320 4675 referentur,
339 4611 393 4667 imo
406 4612 441 4667 ab
458 4611 492 4676 iis
505 4610 625 4681 prolecta
646 4624 707 4664 esse
721 4608 809 4679 palam
827 4607 872 4665 liet
890 4624 952 4664 sen·
1001 4622 1055 4678 qne
1073 4608 1096 4662 is
1120 4606 1212 4674 luerit,
1242 4607 1366 4679 catalogo
1391 4617 1546 4665 sanctonum
1572 4614 1613 4668 sui
1640 4616 1800 4671 monasterii

152 4683 259 4739 tentias
269 4681 341 4751 ipsas
354 4681 517 4744 adhibendo,
530 4680 607 4749 queis
619 4678 754 4735 Adrianus
765 4694 855 4749 regem
868 4677 952 4735 Caro-
1001 4679 1143 4734 additurus
1161 4678 1308 4734 Adriannm
1323 4680 1343 4745 l,
1360 4695 1440 4750 quem
1455 4681 1619 4739 llutinenses
1638 4685 1728 4741 colere
1747 4701 1800 4742 coe

151 4754 212 4809 lum
230 4752 366 4807 instruens
382 4752 519 4806 utebatur.
539 4749 668 4821 lneipiarn
680 4766 695 4804 a
708 4749 919 4805 eorrsecratione.
1000 4759 1097 4819 perum
1124 4765 1172 4806 nn
1189 4750 1250 4806 ldus
1275 4748 1371 4815 lullus,
1391 4752 1425 4807 de
1440 4753 1544 4808 duobus
1562 4754 1689 4811 Adrianis
1709 4757 1800 4827 primo

187 4822 223 4878 ll.
239 4822 402 4877 Liberunum
419 4823 577 4877 canonicam
602 4819 814 4876 consecrationis
834 4818 951 4878 Romani
1001 4828 1029 4874 et
1046 4820 1127 4876 tertio
1145 4836 1228 4876 unum
1247 4821 1321 4888 tecit,
1338 4821 1430 4892 sieque
1447 4823 1619 4879 traditionem
1636 4824 1798 4883 istamanti·

151 4892 293 4964 pontilicis
306 4893 374 4948 satis
388 4907 521 4963 superque
536 4891 692 4961 comprobat
708 4890 950 4960 interpontificium
1000 4905 1093 4960 quam,
1111 4899 1140 4946 ut
1155 4891 1192 4947 ait
1210 4889 1308 4964 Papius
1335 4893 1397 4964 (an.
1422 4891 1494 4960 885,
1517 4910 1545 4949 n.
1566 4893 1611 4967 2),
1635 4897 1682 4952 sed
1700 4895 1797 4954 salsam

151 4973 219 5021 octo
243 4963 357 5018 dierum.
376 4962 555 5018 Nihilominus
578 4961 626 5016 llei
644 4961 738 5031 optimi
759 4960 891 5017 lrenelreio
916 4962 950 5016 ad
1001 4962 1034 5016 de
1048 4961 1168 5017 Adriano
1183 4962 1240 5019 libi
1256 4963 1371 5033 sepulto,
1385 4963 1419 5018 ad
1433 4972 1557 5035 posteros
1570 4966 1669 5022 emisit.
1687 4966 1716 5023 ld
1735 4969 1797 5024 Bol-

153 5052 207 5091 nos
230 5048 315 5103 usqne
340 5034 462 5103 persenit
484 5031 596 5088 Adriani
612 5030 710 5088 electio
726 5038 754 5086 et
770 5033 947 5096 eorrseemtio,
1001 5030 1124 5088 landistae
1139 5033 1220 5089 etiam
1239 5032 1456 5090 animadvertunt
1473 5034 1521 5159 ῗιι
1542 5033 1569 5088 ιι.
1598 5035 1720 5111 illul).
1744 5039 1796 5096 Nc-

151 5121 238 5176 quarn
251 5102 328 5159 nefas
342 5111 385 5158 est
424 5104 554 5158 retenire.
575 5101 702 5157 Eruditos
719 5117 772 5157 nou
801 5103 865 5157 latet
885 5110 951 5172 quot
1000 5102 1113 5170 qneulli
1128 5104 1295 5161 cruditorum
1308 5119 1465 5175 persuasum
1498 5104 1622 5172 odieest,
1647 5107 1795 5165 Adrianmn

150 5186 220 5231 unte
232 5173 270 5230 Gr
304 5119 438 5229 oriumfll
454 5173 694 5254 neeessariaerant
708 5172 948 5255 posteleetioncm,
999 5171 1081 5255 aliurn
1097 5189 1177 5243 quam
1201 5174 1310 5230 tertium
1330 5174 1488 5232 Nonantulae
1507 5176 1640 5246 sepulum
1657 5193 1727 5235 esse.
1745 5180 1795 5236 ilie

151 5257 184 5302 nt
204 5245 328 5316 pooties
352 5242 685 5299 consecrareturtrelatro
711 5244 744 5298 de
762 5242 894 5298 electione
915 5242 949 5298 ad
999 5256 1072 5298 ertum
1099 5244 1279 5300 wormatiam
1308 5244 1439 5302 inritatus
1457 5263 1472 5302 a
1489 5246 1585 5303 Carolo
1611 5247 1694 5305 Caluo
1722 5265 1794 5305 anno

188 5315 317 5384 'ncipem,
331 5313 384 5369 alia
396 5315 430 5370 ad
440 5314 595 5376 exarchum,
609 5312 660 5367 alia
671 5314 706 5370 ad
718 5314 949 5386 archiepiscopum
999 5315 1129 5389 predicto
1139 5315 1192 5372 885
1209 5314 1292 5388 (dum
1304 5317 1338 5373 de
1354 5317 1487 5388 episeopis
1498 5318 1598 5388 aliquot
1617 5319 1791 5389 deponendis.

196 5401 302 5449 venire,
319 5385 372 5439 alia
389 5385 423 5439 ad
436 5383 539 5453 judices
561 5383 707 5449 liarennae,
722 5385 774 5439 alia
788 5385 896 5440 demum
915 5384 949 5440 ad
999 5399 1033 5440 ac
1049 5385 1187 5442 Bernardo
1206 5387 1261 5442 illio
1278 5402 1313 5441 cx
1327 5388 1477 5445 eonenbina
1495 5389 1570 5459 regni
1590 5390 1696 5446 herede
1717 5389 1794 5445 iusti·

151 5457 353 5528 apocrisarnro
373 5455 522 5520 harenam,
547 5454 633 5526 plenae
656 5470 751 5511 omnes
772 5454 949 5511 demissarum
1001 5455 1100 5511 tuendo
1110 5456 1246 5528 pontilicis
1256 5458 1418 5515 auctoritate
1428 5459 1628 5530 meditabatur),
1644 5467 1675 5514 ut
1693 5461 1794 5518 babent

151 5542 278 5597 precum
304 5535 336 5580 ut
362 5526 491 5581 canoiaiea
521 5523 618 5581 electio
646 5525 854 5582 mrrfirmamtnr
870 5544 876 5580 ε
895 5542 949 5582 non
999 5526 1117 5583 Annales
1136 5527 1311 5584 Larrrrbeciani
1336 5528 1451 5602 (Seript.
1476 5528 1539 5584 Ital.
1553 5538 1618 5584 tom.
1638 5529 1658 5586 ll
1681 5545 1739 5602 par.
1760 5549 1792 5599 n,

151 5597 231 5652 enim
243 5597 322 5651 aliter
332 5595 419 5650 ueniri
431 5596 467 5650 ad
479 5595 709 5652 consecrationem
724 5595 948 5720 poteratxllinrn.
999 5611 1061 5667 paq.
1078 5596 1134 5669 85),
1152 5596 1251 5654 deiecit
1265 5597 1293 5654 in
1309 5598 1414 5656 itinere.
1436 5598 1482 5655 Sic
1500 5600 1572 5670 regis
1592 5618 1602 5653 ι
1622 5599 1793 5660 fraudulenta

153 5666 260 5738 Pontis.
273 5682 334 5738 esp.
353 5665 381 5730 ι,
396 5665 439 5720 tit.
464 5667 481 5722 5
500 5681 547 5737 seq
569 5708 576 5721 .
598 5705 605 5720 .
632 5665 717 5722 Seeus
736 5675 778 5722 est
793 5666 826 5723 de
861 5666 950 5722 driani
1000 5667 1122 5733 consilia,
1138 5669 1214 5723 aiom
1226 5670 1355 5736 ilrrrrales,
1369 5670 1489 5726 lleinutu
1501 5671 1793 5743 dissipatasant.llanr

152 5735 335 5805 urbaniore,
357 5744 386 5797 nt
405 5736 545 5810 ridere2
616 5744 658 5794 est
678 5735 749 5810 apud
765 5735 950 5795 llabillouium
998 5736 1121 5809 perutiles
1140 5738 1278 5799 llonrnns
1303 5742 1338 5799 ab
1361 5739 1434 5800 llrbe
1454 5739 1600 5815 digressus,
1628 5755 1655 5802 et
1676 5744 1792 5808 Eridane
