4050 6192
168 277 222 336 ont
670 268 759 332 tiuhi
777 264 946 331 enubilat.
967 304 1001 315 -
1017 261 1285 335 euohnteiteul.
1738 267 1791 339 ait

163 396 256 458 deqaa
267 384 532 457 pitieiitaaetrcra
546 383 707 440 Pietasdlxit
718 383 765 440 :Si
777 384 950 455 penaunceia'·
963 384 987 447 Α
1002 384 1194 442 miraculorum
1217 377 1366 458 insignibus
1391 399 1574 452 nortmannici,
1591 392 1631 445 iel
1655 404 1728 447 curte
1753 396 1792 466 ipa

161 453 951 528 naioremoaieo,mgaorcetitoeritoteai,etmoturiiiera·
1002 470 1061 508 suin
1076 457 1236 522 lioniinum3
1258 458 1387 528 imagines
1400 474 1464 513 tero
1476 468 1503 513 et
1535 460 1791 521 ciiiittnnirirornni

162 530 199 584 tn
210 542 254 583 ior
267 523 357 595 (tora.
371 537 429 585 iun,
443 523 488 589 il,
498 522 570 605 dih
585 526 631 580 ted
648 525 677 578 in
691 523 852 592 imaginibus
864 521 951 576 artili-
1001 524 1119 579 uanitate
1133 527 1245 596 prolatae
1255 528 1319 590 sint,
1332 537 1361 583 ct
1371 527 1471 583 nullam
1482 474 1577 583 saffitis
1587 530 1791 601 exhibitionem,

162 611 223 654 cam
246 594 378 651 industria
399 592 529 656 formatis,
552 609 613 664 quse
634 602 800 664 spectatores
819 606 883 646 suos
898 592 953 661 ple·
1001 594 1102 649 nullam
1116 598 1278 651 sacramenti
1293 596 1404 669 alicujus
1418 598 1576 654 mortalibus
1587 605 1791 672 praerogatiuam

163 681 288 737 rumque,
301 665 336 719 ob
352 678 441 717 rerum
455 670 591 730 gestarum
603 664 767 725 memoriam,
783 662 914 716 inducunt
923 662 951 715 in
1001 662 1145 729 adducant,
1161 666 1209 720 aed
1223 667 1309 722 oculis
1321 667 1507 722 tantummodo
1530 668 1645 737 faveant,
1661 686 1709 742 per
1722 687 1790 742 quos

162 734 384 798 admirationem
399 732 554 787 adoratores
573 747 638 789 vero
657 746 764 801 semper
778 732 805 785 in
818 745 949 785 errorem.
1001 733 1078 798 quasi
1093 749 1141 803 per
1154 736 1283 803 quosdam
1300 737 1400 806 legatos
1436 747 1554 792 estarum
1570 747 1659 794 rerum
1686 756 1789 798 meino-

162 805 222 861 lion
236 804 308 860 euim
330 802 474 857 mediocris
503 809 545 857 est
565 815 650 865 error,
664 814 725 857 cum
739 801 811 856 aliud
824 801 953 855 adoratur
1002 802 1068 881 riam
1083 804 1210 859 cordibus
1223 805 1350 861 mandent
1353 845 1406 860 .....
1419 752 1497 862 {lude
1517 808 1596 862 datur
1610 810 1722 881 intelligi
1737 830 1790 869 non

162 873 303 945 religionis
314 872 388 926 cultu
410 887 491 941 quam
504 873 528 926 is
541 872 588 942 qui
606 871 848 927 dixitzbcniiiuin
870 870 952 924 Derim
1001 875 1186 940 picturas,sed
1200 874 1363 945 Scripturas,
1376 875 1408 931 ad
1423 883 1522 938 nostran
1537 876 1597 932 intui
1611 883 1790 938 guquiqmgm

129 959 134 972 ·
163 955 237 999 raaia
249 940 383 1005 adorabis,
394 950 418 995 et
428 940 468 994 illi
479 940 528 996 mli
538 942 631 996 sermea
642 941 732 1014 (Brut.
744 956 782 1003 vi,
795 939 851 1009 ιδ).
867 957 878 991 i
1001 952 1063 996 esso
1076 950 1228 999 concessas.
1243 944 1328 1011 Quam
1341 958 1408 1017 ergo
1430 946 1466 999 sit
1485 946 1631 1014 incautum,
1656 966 1792 1022 qiiumqini

197 1015 225 1069 ὅ.
239 1010 352 1082 Nequit
366 1011 515 1075 cavillator,
530 1011 616 1080 inquit
632 1010 757 1074 bullans,
770 1010 814 1064 bic
825 1007 953 1063 obtrudat
1001 1023 1018 1062 a
1033 1012 1137 1066 ratione
1150 1024 1282 1069 remotum
1296 1015 1387 1070 dicere
1405 1032 1412 1068 ι
1428 1014 1504 1070 Sicut
1525 1016 1623 1073 ditium
1646 1019 1794 1091 Scriptura

162 1084 310 1140 mlimnen
327 1080 412 1135 latrice
426 1089 454 1135 et
472 1081 560 1142 dulim,
573 1079 695 1136 cultusve
712 1078 827 1134 absoluti
844 1087 871 1133 et
882 1077 952 1158 rela-
1001 1078 1096 1145 libros,
1113 1082 1149 1136 ita
1164 1084 1294 1154 imagines
1307 1085 1342 1141 oh
1361 1086 1518 1140 memoriam
1540 1092 1723 1146 venerationis
1748 1093 1794 1149 ba·

163 1155 212 1209 tivi
237 1150 446 1214 dininctionein,
465 1149 578 1206 Carolus
593 1165 700 1205 omnem
718 1150 829 1205 omniuo
859 1147 953 1202 adimit
1002 1148 1106 1216 bemus,
1121 1150 1200 1207 facile
1222 1156 1372 1222 intelligere
1390 1155 1554 1226 potestquis
1572 1158 1615 1214 nia
1639 1161 1792 1219 divinarunt

164 1225 217 1279 iiiia
237 1222 325 1276 'nibus
346 1219 373 1274 in
395 1221 524 1289 religione
547 1221 665 1285 cultumu
690 1234 745 1274 uon
768 1218 952 1272 adorationem
1003 1219 1203 1289 seripturarum
1217 1225 1396 1294 cognitionem
1421 1224 1538 1279 habeti
1590 1237 1684 1300 tpost
1707 1234 1792 1289 multa

255 1289 389 1346 diuinitati
405 1291 533 1354 debitam,
550 1290 691 1346 sedetiam
706 1307 717 1341 i
731 1290 844 1352 cultum,
859 1287 954 1342 obser
1003 1295 1142 1344 sacrarum
1158 1293 1309 1350 litterarum
1333 1294 1419 1364 elogia
1438 1294 1496 1350 linec
1515 1296 1612 1367 sublini
1633 1301 1675 1353 it:
1695 1320 1703 1349 l
1721 1301 1793 1358 Nihil

163 1371 299 1419 rabonem
310 1359 378 1432 (lii.
391 1375 422 1422 ii,
432 1377 455 1413 r.
468 1359 518 1426 23;
532 1359 578 1413 tit.
592 1375 634 1424 ιιι,
648 1376 672 1413 c.
684 1358 740 1432 lit),
753 1358 953 1413 venerationem
1004 1357 1087 1426 igitur
1098 1359 1194 1416 borum
1209 1379 1269 1433 quae
1289 1364 1507 1433 perstrinximus,
1522 1367 1578 1419 siie
1597 1316 1639 1423 ιιῗι
1651 1370 1791 1438 simillium

182 1434 242 1489 bit.
255 1447 275 1486 u
290 1446 313 1484 c.
330 1428 399 1501 ii),
414 1433 598 1499 honoremque
613 1444 676 1484 euru
699 1430 745 1512 qui
766 1427 835 1482 eollo
856 1424 953 1480 iubere
1003 1442 1064 1509 quae
1076 1429 1217 1487 breuitatis
1230 1433 1320 1487 sinidio
1332 1434 1563 1502 praetermisimus,
1579 1437 1606 1490 in
1620 1439 1791 1511 imaginibusi

176 1501 241 1572 Cap.
255 1499 312 1572 ιθ),
325 1499 368 1554 iel
384 1500 473 1569 capite
493 1499 638 1555 summisso
653 1500 796 1554 exhibetur
808 1494 890 1569 (Gap.
913 1495 951 1565 i),
1003 1510 1022 1549 o
1039 1498 1184 1578 imaginum
1199 1501 1366 1566 adoratione
1380 1518 1470 1556 rerum
1485 1503 1681 1564 insensatarum
1695 1512 1792 1577 cultor,

164 1574 206 1628 vel
216 1571 304 1628 thuris
312 1577 340 1625 et
350 1568 521 1624 luminarium
531 1567 668 1624 oblatione
679 1567 755 1639 (Cap.
766 1565 815 1639 ²ll
830 1572 951 1646 constat:
1003 1565 1126 1647 iuvenire
1140 1584 1218 1637 posse
1230 1580 1255 1625 te
1267 1579 1383 1636 constat,
1395 1586 1454 1641 quae
1468 1572 1531 1628 dum
1546 1573 1588 1629 liis
1602 1580 1727 1636 omnibus
1737 1597 1794 1638 nic*

164 1653 225 1714 quaa
235 1655 317 1698 voees
333 1639 434 1695 cubum
455 1638 578 1710 quemvis
591 1639 758 1709 religiosum,
777 1636 858 1692 etiam
876 1635 954 1715 latria
1004 1642 1118 1717 sitorum
1133 1641 1317 1710 praerogativis
1329 1649 1448 1706 careant,
1463 1642 1593 1699 dolendus
1609 1649 1793 1721 potiusquam

164 1712 317 1768 mountain
332 1710 555 1778 complectuntur,
572 1723 688 1833 nigerque
701 1708 769 1763 adeo
784 1719 864 1776 quem
876 1705 955 1759 bodie
970 1726 992 1787 Β
1005 1705 1144 1762 mirandus
1155 1723 1195 1774 es,
1209 1726 1258 1767 eur
1268 1725 1314 1765 eas
1327 1711 1426 1766 divinis
1437 1711 1583 1783 Scripturas
1596 1715 1681 1783 lbi-n,
1697 1720 1723 1774 in
1735 1723 1795 1791 qui·

163 1782 284 1839 Ecclesia
298 1779 418 1836 Romana
435 1778 597 1849 imaginihus
652 1778 780 1834 erendum
789 1782 876 1845 putat.
891 1772 955 1856 Vult
1005 1773 1112 1857 bus'iot
1121 1777 1193 1833 bona
1204 1782 1384 1851 reperiuntur,
1393 1782 1684 1853 equiparareailectes.
1695 1789 1735 1844 Τιι
1748 1793 1795 1861 qui

162 1853 235 1908 enirn
250 1849 406 1906 Tridentino
417 1851 535 1920 synodus
545 1847 637 1903 fideles
650 1865 659 1899 i
671 1847 802 1917 imagines
814 1858 953 1908 venerari,
1004 1842 1067 1900 fidei
1079 1853 1133 1901 tuae
1145 1849 1289 1916 puritatem
1299 1851 1326 1904 in
1340 1850 1502 1921 imaginibus
1512 1867 1705 1914 ιοιιιιιιιιιι
1714 1859 1793 1925 dicis,

163 1919 291 1984 osculari,
305 1927 333 1975 et
349 1933 441 1975 coram
451 1918 693 1989 iiscaputaperire,
707 1915 951 1986 acprocumherci
1004 1915 1115 1985 supplex
1129 1918 1169 1971 eis
1194 1928 1285 1974 astare
1307 1931 1452 1986 memento,
1466 1937 1526 1976 cuni
1553 1924 1793 1995 tbyniiuinatilnis':

197 1993 224 2046 ι.
243 1991 329 2060 Negat
350 1988 464 2045 Carolus
483 2003 549 2044 eain
567 1988 730 2058 imaginibus
753 1984 952 2049 exhihendam,
1004 1999 1054 2038 nos
1072 1989 1323 2058 praeceptabomini
1347 1991 1440 2044 solerti
1461 1991 1631 2063 indagatione
1651 2002 1793 2068 perquira-

164 2062 206 2118 rel
220 2059 432 2123 uenerationem,
446 2074 506 2128 quai
518 2057 620 2113 sanctis
641 2057 697 2112 rita
720 2056 830 2121 iunctis,
845 2051 889 2107 vel
907 2053 969 2134 ad,
1003 2069 1065 2108 nius
1083 2056 1111 2110 in
1126 2055 1305 2129 divinaelcgia
1318 2057 1472 2114 Codieibus.
1487 2061 1526 2115 Τιι
1541 2063 1719 2123 luminaribus
1733 2083 1795 2139 pei·

162 2132 323 2194 cntionem,
339 2144 400 2199 quae
410 2128 563 2183 virentibus
575 2140 609 2182 ox
621 2126 761 2184 chantatis
773 2132 802 2180 et
812 2124 954 2206 salutatio-
1003 2122 1090 2178 lustra
1102 2126 1230 2194 picturas,
1242 2145 1291 2184 nos
1301 2127 1501 2197 frequentemus
1516 2131 1620 2189 divinas
1629 2133 1793 2206 Scripturas.

163 2203 208 2257 iiis
220 2199 307 2257 officio
320 2198 478 2263 exhibetur3
494 2199 547 2253 hoc
563 2204 616 2263 est,
630 2197 738 2253 civilem
752 2196 952 2257 salutationem,
1003 2192 1045 2247 'lu
1070 2193 1221 2253 fucatorum
1244 2207 1386 2254 venerator
1403 2209 1463 2254 esto
1480 2201 1622 2257 etilornnit
1644 2215 1692 2262 nes
1715 2220 1796 2264 venes

163 2287 224 2342 quae
236 2269 448 2340 religiosocultu
462 2268 541 2351 louge
553 2267 666 2323 inferior
678 2274 730 2323 est.
746 2284 756 2316 i
775 2265 804 2320 Si
818 2265 954 2346 igituruiu-
1003 2271 1147 2344 ratoreset
1165 2283 1278 2337 capaces
1296 2268 1381 2323 simiis
1408 2283 1536 2324 sensuum
1556 2267 1727 2331 areanorum.
1754 2277 1794 2336 Tit

163 2342 227 2412 geli,
246 2340 273 2393 in
293 2339 342 2402 uit,
367 2340 425 2396 siue
448 2339 580 2402 homines,
604 2338 715 2394 minime
735 2334 864 2392 adorandi
877 2339 951 2415 sunt,
1003 2332 1118 2401 depictis
1131 2336 1284 2393 demulcere
1298 2338 1407 2404 tabuiis,
1433 2354 1482 2394 nos
1504 2339 1602 2397 divinis
1628 2346 1795 2404 mulceamur

164 2411 239 2466 salsa
261 2425 277 2463 a
343 2409 417 2464 tione
436 2423 497 2477 qna
514 2408 654 2463 eharitatis
667 2415 695 2462 ct
708 2403 878 2462 salutationis
896 2400 955 2484 olli·
1003 2402 1138 2473 alloquiis.
1153 2405 1193 2461 'iu
1209 2408 1301 2477 liguris
1313 2422 1402 2462 rerum
1429 2409 1509 2475 insta,
1525 2411 1663 2481 inquibus
1682 2431 1732 2472 nec
1755 2417 1797 2475 ri*

164 2481 208 2536 ein
220 2480 372 2542 exhibetur,
390 2477 475 2533 multo
490 2479 580 2532 minus
603 2477 744 2546 imagines,
758 2491 818 2545 quaa
840 2473 953 2528 rationis
1003 2487 1061 2538 sus,
1076 2490 1127 2531 nee
1140 2476 1257 2541 auditus,
1270 2492 1320 2533 nec
1337 2487 1441 2548 gastun
1456 2494 1507 2535 nec
1525 2482 1662 2549 odoratus,
1679 2500 1730 2542 uec
1750 2495 1794 2542 tas

165 2557 291 2620 exuentes
302 2556 375 2613 sunt,
388 2563 437 2603 nec
450 2548 610 2603 salutatione
622 2560 673 2602 uec
686 2546 842 2602 adoratione
855 2543 951 2613 dinnaei
1004 2550 1066 2598 ⁰2⁰⁸
1077 2553 1120 2599 0⁸¹
1134 2560 1203 2602 ²⁰⁰⁸
1217 2547 1348 2602 instemus
1362 2547 1460 2604 “lviiii
1473 2549 1536 2619 legi,
1551 2563 1611 2621 iiae
1622 2563 1664 2608 0¹²
1678 2553 1798 2626 limidi*

164 2636 198 2676 ω
210 2620 281 2688 quod
297 2619 440 2673 insensate
455 2618 518 2682 sint,
534 2618 678 2673 adorandae
688 2623 772 2671 suat:
789 2629 850 2684 qum
861 2614 884 2668 si
907 2612 954 2667 ad-
1004 2612 1155 2680 hensibilis,
1171 2615 1263 2685 inqua
1277 2617 1458 2672 testiinonium
1471 2619 1587 2686 Domini,
1607 2623 1719 2686 justitie
1739 2627 1796 2682 siic

164 2690 274 2746 madae
293 2703 347 2744 uon
366 2695 440 2752 sunt,
455 2688 509 2742 iino
528 2688 658 2756 quianon
672 2685 853 2754 sunt,duplea
874 2682 912 2736 illi
927 2685 953 2735 iu
1003 2696 1150 2754 praecepta,
1164 2687 1245 2741 timor
1258 2687 1315 2742 siue
1323 2686 1424 2754 iudicia
1437 2688 1496 2755 eius
1510 2689 1693 2748 inveniuntur.
1712 2710 1722 2746 i

166 2760 217 2816 hau
238 2766 315 2828 purte
335 2757 481 2826 deliquium
494 2764 602 2827 patrare
614 2756 798 2826 perhibentur,
819 2754 877 2808 sive
890 2751 954 2820 quia
1040 2752 1067 2807 d.
1083 2754 1156 2809 ldem
1171 2765 1267 2811 auctor
1281 2755 1435 2826 indignatur
1462 2767 1618 2817 sanctorum
1644 2773 1795 2837 niartgnint

165 2844 213 2885 ω,
228 2830 349 2891 auorum,
370 2828 426 2882 sive
450 2827 513 2896 quia
529 2834 560 2880 ut
574 2826 626 2882 hoc
639 2824 768 2890 facerent,
780 2825 815 2878 ab
825 2822 955 2893 apostolis
1003 2830 1032 2876 et
1043 2823 1226 2881 confessorum
1241 2826 1361 2894 reliquiis
1374 2838 1400 2881 e:
1412 2828 1532 2884 vestibus
1551 2829 1682 2902 imagines
1706 2850 1720 2888 a
1746 2836 1795 2891 lli·

165 2900 216 2955 sihi
228 2899 355 2953 traditum
367 2911 426 2951 esse
437 2897 635 2951 mentiuntur.»
649 2896 713 2951 llaec
729 2894 776 2949 lib.
792 2909 822 2958 u,
836 2907 896 2962 cap.
907 2891 952 2946 25.
1004 2894 1088 2948 canis
1102 2895 1129 2949 in
1145 2895 1247 2950 honore
1257 2896 1402 2965 coequari.
1417 2896 1523 2952 Nullam
1536 2914 1601 2970 ergo
1614 2904 1724 2959 nmnlno
1735 2906 1797 2962 nelis

200 2969 228 3023 ὅ.
247 2968 286 3023 Νι
304 2967 390 3022 saeris
411 2966 520 3035 quidem
541 2968 613 3021 uasis
637 2964 797 3035 naqniparari
824 2963 955 3033 imagines
1005 2963 1108 3032 giosam
1135 2967 1337 3021 reiterationem
1372 2966 1533 3037 imaginibus
1561 2970 1705 3038 exhibiilt3
1733 2990 1797 3031 cnm

164 3040 266 3108 patitur
279 3038 407 3093 librorum
421 3036 608 3093 Carolinorum
627 3042 732 3099 auctor,
745 3043 791 3088 aut
803 3034 952 3088 divinarum
1005 3033 1357 3102 apudomnesinconfesso
1378 3037 1422 3102 sit,
1436 3052 1496 3092 earn
1517 3051 1577 3106 quae
1602 3040 1722 3110 reliquiis
1747 3044 1797 3099 de⁴

165 3109 366 3179 Scripturamui
381 3105 540 3172 codicibus3
558 3104 727 3173 Nieaenisque
748 3103 889 3184 irascitur,
907 3103 952 3171 qui
966 3087 991 3153 C
1005 3101 1100 3166 fertur,
1117 3105 1194 3174 lunge
1208 3104 1276 3159 infra
1286 3105 1394 3160 latriam
1406 3121 1476 3164 esse.
1490 3127 1500 3158 i
1515 3108 1685 3177 Sanctorum,
1699 3115 1797 3184 inquit,

164 3193 213 3234 eas
237 3193 281 3233 res
293 3178 364 3232 inter
383 3191 412 3232 se
425 3182 656 3246 comparaverant.
671 3176 707 3230 at
724 3174 771 3243 qui
793 3174 953 3243 imaginibus
1005 3187 1119 3243 corpora
1131 3176 1266 3240 uenerari,
1280 3190 1427 3245 eorumque
1450 3178 1574 3248 reliquiis
1597 3179 1726 3237 honorem
1748 3200 1797 3239 ea·

165 3249 247 3304 bodie
263 3247 382 3304 defertur
400 3246 497 3312 bonos,
512 3246 591 3315 longo
602 3245 743 3300 interuallo
764 3250 874 3312 superat
891 3257 954 3297 cum
1004 3242 1099 3299 bibere
1125 3260 1177 3299 non
1193 3246 1252 3300 nine
1273 3259 1357 3301 eausa
1368 3254 1489 3303 vetustas
1518 3248 1672 3304 admisit...
1702 3253 1799 3309 Dicant

165 3319 211 3388 qui
225 3318 296 3372 rasis
309 3317 542 3385 voluminibusque
552 3316 638 3371 sacris
651 3315 677 3369 in
697 3313 816 3370 Ecclesia
829 3313 953 3367 hahetur.
1005 3313 1045 3366 illi
1059 3314 1105 3369 ubi
1120 3329 1237 3383 unquam
1247 3315 1392 3384 iubeamus
1404 3316 1534 3386 imagines
1548 3320 1683 3375 adorare?
1703 3320 1795 3379 Sancti

168 3406 177 3439 i
193 3388 297 3455 Quanta
310 3387 419 3458 (inquit)
431 3387 589 3442 excellentia
600 3400 663 3440 iasa
678 3385 768 3440 diuino
780 3383 866 3439 cultui
878 3398 954 3436 man·
1005 3382 1034 3436 in
1047 3384 1203 3439 celestibus
1214 3385 1323 3440 sedibus
1337 3400 1398 3440 euin
1412 3384 1521 3442 Christo
1541 3388 1630 3443 rivere
1653 3400 1681 3445 et
1701 3407 1796 3447 cornui

164 3459 254 3528 eipata
264 3458 425 3527 imaginibus
432 3457 578 3518 emineant,
591 3455 688 3510 diriore
698 3454 765 3538 legis
777 3455 954 3508 instnimenta
1006 3467 1068 3507 ossa
1078 3452 1240 3523 quandoque
1253 3463 1436 3510 resurrectura
1450 3458 1597 3512 creduntur
1610 3469 1654 3512 :at
1664 3460 1797 3531 imagines

165 3529 363 3591 demonstrant;
386 3542 448 3581 cum
467 3527 561 3596 utique
576 3526 633 3590 iila,
653 3526 824 3594 precipiente
840 3523 955 3577 Domino
1006 3535 1057 3576 nee
1069 3523 1168 3577 vixisse
1179 3540 1297 3593 unquam
1320 3525 1477 3591 ereduntur,
1493 3542 1544 3583 nce
1559 3535 1797 3586 resurrectum...

165 3612 213 3668 pei
226 3599 334 3668 Moysen
351 3599 379 3651 in
393 3596 538 3651 testimonii
554 3595 728 3650 tabernaculo
740 3592 858 3655 eondiui,
869 3598 898 3646 et
908 3591 952 3644 in·
1006 3591 1170 3662 imaginihus
1184 3606 1249 3663 ergo
1264 3608 1325 3661 quae
1339 3608 1390 3648 nce
1399 3594 1500 3651 vixisse
1511 3612 1628 3666 unquam
1639 3610 1797 3667 errountnr,

165 3668 293 3722 stitumite
314 3675 406 3721 ratum
426 3666 596 3721 sanctissimo
611 3665 703 3730 llavid,
719 3678 768 3734 per
784 3662 955 3717 Salomonem
1007 3675 1058 3716 nec
1071 3671 1275 3727 resurrectum,
1295 3663 1341 3717 sed
1357 3672 1403 3717 aut
1422 3665 1528 3735 ignibus
1543 3676 1590 3720 aut
1604 3670 1676 3724 carie
1698 3685 1798 3726 consu·

166 3738 194 3791 iu
205 3737 304 3807 rumpia
315 3737 507 3808 llierosolyinis
517 3737 624 3791 condita
642 3742 722 3803 atque
733 3734 830 3796 dicata,
842 3740 870 3785 et
884 3730 955 3802 typi·
1006 3730 1111 3785 mendae
1123 3732 1308 3799 perhibentur,
1322 3733 1507 3789 adorationem
1522 3736 1573 3790 soli
1598 3736 1654 3792 Deo
1679 3739 1797 3795 debitam

165 3823 259 3863 mmm
272 3822 398 3863 sensuum
413 3822 510 3863 arcuna
523 3805 745 3876 significaverint,
757 3810 784 3859 et
797 3804 823 3856 in
841 3801 884 3856 bis
895 3815 956 3869 qum
1006 3800 1151 3870 impartiri,
1166 3811 1213 3856 aut
1225 3804 1348 3873 segnitiei
1358 3812 1411 3866 est,
1433 3804 1456 3859 si
1478 3815 1614 3874 utrunque
1628 3808 1736 3878 agilum
1753 3819 1799 3866 aut

165 3879 201 3933 ad
213 3879 260 3933 bei
276 3878 377 3932 cultum
389 3879 533 3946 pertinent,
550 3874 669 3932 diuturni
681 3873 823 3928 ministerii
838 3870 955 3926 odicium
1007 3870 1130 3934 insaniae,
1142 3871 1185 3925 vel
1198 3874 1288 3942 potius
1302 3872 1478 3938 infidelitatis,
1507 3875 1529 3930 si
1554 3877 1729 3946 pertinaciter
1751 3880 1798 3934 de·

166 3948 339 4019 gestaverint.
351 3946 398 4001 ilie
418 3956 518 4012 autern,
531 3946 605 4001 salua
618 3945 722 4001 ratione
739 3943 878 3998 clieruhim
899 3942 956 3995 sire
1007 3940 1136 4003 tenditur.
1150 3940 1205 3995 Nos
1218 3941 1309 4009 itaque
1323 3958 1374 3997 nec
1387 3958 1448 3997 cuin
1462 3945 1617 4015 vigilantio,
1630 3948 1741 4018 ejusque
1755 3962 1799 4005 sc·

166 4019 248 4075 boum
268 4018 422 4077 eticonum,
435 4018 545 4086 quinon
557 4018 589 4071 ad
606 4016 782 4074 odorandum,
794 4013 841 4066 sed
858 4012 892 4064 ad
913 4025 955 4064 re·
1006 4009 1148 4079 quacibus,
1173 4012 1301 4080 reliquias
1329 4012 1504 4083 abnegantes,
1526 4031 1576 4070 nec
1602 4033 1662 4072 cuin
1687 4017 1799 4074 Simone

169 4103 229 4142 rum
243 4086 392 4142 futurarum
404 4086 626 4156 significationem
639 4085 739 4141 conditi
754 4089 826 4144 sunt,
839 4096 892 4136 non
912 4095 957 4135 so·
1006 4081 1119 4150 ejusque
1130 4081 1305 4151 complicibus
1320 4081 1450 4151 imagines
1463 4087 1619 4150 adorantes,
1634 4096 1661 4141 et
1674 4089 1796 4157 reliquiis

167 4159 222 4212 lum
232 4172 248 4212 a
259 4172 393 4226 quoquam
404 4165 559 4212 sanctorum
571 4154 755 4215 noneondiee,
766 4154 807 4206 iel
816 4154 955 4213 «redicam,
1007 4154 1065 4207 siue
1087 4159 1241 4205 sanctorum
1254 4151 1413 4224 corporibus
1437 4163 1615 4224 opportunum
1639 4158 1798 4227 obsequium

167 4227 214 4284 scd
228 4241 295 4295 pene
315 4234 472 4281 cunctorum
496 4227 594 4280 divinae
606 4226 672 4296 legis
685 4223 857 4280 oraculorum
879 4222 956 4276 testi-
1007 4220 1372 4286 exhibemus3etbasilicas,
1388 4224 1554 4294 proutlibet,
1567 4229 1800 4282 sanctorumima·

167 4298 266 4353 montis
286 4310 476 4364 usquequaque
499 4304 567 4351 sunt
596 4296 737 4351 abdicate.
768 4292 831 4347 ilaec
851 4306 957 4361 quoque
1007 4292 1125 4364 ginlbus,
1143 4291 1199 4346 sive
1213 4292 1294 4346 etiam
1308 4307 1384 4356 auro,
1401 4302 1546 4362 argentove
1566 4308 1744 4364 exornamus,
1771 4307 1800 4352 ct

167 4382 241 4432 uasa,
257 4379 317 4435 quae
329 4367 362 4420 ad
375 4367 525 4449 peragenda
536 4373 635 4420 nostrae
652 4362 844 4433 redemptionis
856 4369 956 4433 myste·
1008 4362 1148 4418 servitium
1168 4361 1344 4425 adorationis,
1373 4361 1430 4416 sive
1456 4365 1579 4429 culturae,
1600 4367 1650 4419 soli
1674 4367 1738 4432 licii,
1754 4368 1798 4422 oui

169 4439 221 4502 ria,
234 4443 327 4491 sancta
339 4436 421 4491 hahet
434 4436 565 4499 Ecclesia,
579 4450 683 4505 semper
699 4441 762 4489 sunt
776 4432 899 4486 fidelibus
910 4447 956 4484 ne·
972 4433 1059 4493 Dsoll
1073 4433 1195 4497 debetur,
1210 4432 1269 4500 ipse
1283 4430 1439 4502 opitulante,
1457 4432 1646 4504 impendimus.
1663 4455 1672 4487 i
1689 4437 1752 4494 lime
1763 4437 1796 4492 li·
1881 4479 1884 4482 ,

167 4507 295 4569 cessaria,
309 4519 468 4574 semperque
477 4507 504 4560 iu
518 4506 608 4560 diiino
618 4507 692 4560 cultu
703 4504 831 4559 olbeiosa.
843 4501 871 4556 1ιι
883 4517 931 4556 ias
943 4516 956 4556 s
1008 4502 1059 4557 bro
1073 4518 1115 4565 ιιι,
1129 4517 1188 4571 cap.
1205 4501 1249 4556 ii.

168 4578 250 4647 igitur
262 4577 316 4630 lieo
329 4575 501 4641 sacrificium,
514 4590 566 4630 uon
582 4576 608 4630 in
623 4574 784 4658 imaginibus
796 4571 952 4627 clientum...
1043 4572 1128 4627 lliilio
1141 4574 1230 4627 minus
1242 4572 1344 4654 patitur
1356 4570 1487 4645 imagines
1500 4577 1623 4646 componi
1633 4592 1693 4633 cuin
1706 4590 1796 4644 crure,

169 4646 288 4715 benique
303 4645 361 4700 sine
377 4646 536 4716 imaginibus
547 4652 575 4699 et
589 4645 687 4699 lavacri
702 4644 783 4708 unda,
798 4649 825 4697 et
837 4642 905 4697 sacri
926 4642 955 4695 li·
1007 4644 1070 4711 quia
1088 4643 1176 4696 rzriicis
1190 4642 1288 4697 vexillo
1299 4642 1534 4711 antiquus-hostis,
1548 4662 1601 4700 non
1626 4648 1798 4718 imaginihus,

167 4716 262 4782 quoria
276 4715 368 4770 unctio
382 4715 494 4785 percipi,
512 4723 539 4770 et
552 4714 726 4785 thymiamata
741 4713 852 4776 adoleri,
870 4720 898 4766 et
916 4712 957 4766 lu-
1006 4716 1094 4770 uictus
1105 4724 1146 4768 est
1158 4729 1166 4776 3
1179 4720 1206 4766 et
1217 4727 1325 4767 cruceni
1336 4710 1464 4780 jubemur
1474 4714 1578 4780 tollere,
1592 4732 1644 4771 non
1657 4717 1797 4788 imagines.

168 4786 318 4841 minarihus
331 4786 390 4841 loca
401 4800 477 4840 saca
493 4786 661 4854 perlustrari,
674 4792 702 4839 et
717 4782 838 4853 corporis
852 4789 880 4836 et
893 4796 957 4836 san.
1010 4801 1020 4835 i
1037 4783 1095 4838 Non
1110 4792 1174 4838 sunt
1187 4782 1270 4853 igitur
1280 4783 1410 4850 imagines
1423 4785 1496 4839 cruci
1515 4786 1721 4855 aequiparandae,
1745 4798 1799 4841 noti

169 4857 259 4926 guinis
273 4856 403 4911 bominici
419 4856 586 4911 consecratio
598 4853 666 4909 ellici
706 4850 864 4916 ntest;sine
886 4857 958 4911 nasis
1007 4854 1161 4918 adoranda,
1175 4851 1369 4915 noncolendne,
1387 4854 1434 4908 sed
1452 4852 1516 4909 huie
1536 4854 1636 4910 mundo
1658 4867 1719 4911 cum
1745 4872 1800 4911 ce·

168 4931 234 4981 tero
246 4941 392 4993 nunqnam.
417 4925 484 4980 Nam
497 4932 525 4979 et
544 4934 643 4982 nostrie
657 4869 752 4981 safutis
775 4929 880 4987 auctor,
895 4938 957 4979 cuin
1008 4925 1073 4992 teris
1086 4938 1146 5046 ιὲιὲιι
1159 4921 1251 4977 mundi
1265 4930 1328 4975 sunt
1355 4921 1547 4992 relinquenda.
1568 4943 1578 4975 i
1599 4926 1661 4979 llaec
1688 4923 1757 4981 liliro
1779 4934 1799 4980 ιι

168 4995 298 5051 etieteri
311 4996 483 5051 Testamenta
505 4998 650 5051 terminum
663 5003 691 5050 et
710 4993 785 5048 Novo
796 4992 902 5047 initium
914 5009 959 5064 po-
1010 5008 1071 5048 ea.
1128 5032 1135 5046 .

170 5073 255 5130 neret,
270 5081 323 5134 non
337 5066 490 5134 imaginum,
505 5068 551 5121 sed
561 5066 673 5120 calicem
689 5064 825 5133 accepisse
835 5063 961 5129 perbibe-
1044 5009 1072 5117 [l
1093 5064 1171 5117 llnnc
1183 5068 1321 5115 auctorem
1335 5076 1369 5115 ne
1393 5060 1532 5116 relatiuam
1555 5059 1662 5130 quidem
1683 5077 1796 5118 venerae

170 5144 233 5188 tur:
249 5142 277 5189 et
298 5150 346 5205 per
365 5138 522 5205 prophetam
543 5135 671 5191 Dominus
691 5151 744 5189 non
768 5134 806 5188 ait
824 5145 831 5183 :
850 5131 960 5188 blunda-
1011 5133 1112 5186 tionem
1127 5131 1269 5185 admittere
1280 5137 1385 5184 constat
1399 5145 1432 5186 ex
1447 5131 1640 5201 birotinum.
1656 5131 1708 5187 lo:
1726 5151 1735 5183 i
1756 5133 1800 5187 bis

169 5203 245 5266 iniui,
257 5207 302 5276 qui
316 5204 392 5260 fertis
406 5206 546 5275 imagines,
560 5208 626 5261 sed:
650 5202 959 5272 Mundominiqitiserir
1011 5211 1075 5257 rant
1098 5201 1189 5272 igitur,
1204 5201 1299 5269 inquit,
1316 5198 1414 5269 quihus
1425 5200 1477 5257 boe
1490 5210 1543 5256 tam
1591 5202 1691 5256 culiare
1704 5210 1746 5257 est
1756 5204 1799 5258 di·

169 5290 233 5329 ouaa
245 5273 369 5329 [dominii
383 5275 449 5342 (lac.
463 5292 510 5339 ιιι,
523 5276 577 5346 ll).
590 5276 652 5330 llaec
665 5275 711 5329 lib.
726 5291 757 5339 n,
770 5288 829 5342 cap.
840 5269 886 5328 Sti.
1012 5286 1084 5336 cere,
1095 5271 1157 5340 quia
1169 5270 1221 5323 ima
1241 5270 1388 5326 inishonor
1397 5271 1424 5325 in
1435 5271 1548 5340 primurn
1567 5286 1670 5326 ormam
1682 5274 1778 5328 transit
1791 5290 1799 5327 a

206 5343 240 5398 lit
265 5359 324 5415 cap.
345 5345 379 5399 te
395 5361 402 5399 ι
420 5365 430 5396 r
449 5346 551 5401 lliiinae
574 5346 720 5415 Scriptura
745 5346 832 5411 libris,
862 5347 959 5411 inquit,
1010 5344 1102 5396 dicant
1116 5342 1139 5395 si
1152 5341 1203 5394 hoc
1222 5286 1345 5412 agerint,
1359 5349 1404 5395 aul
1417 5331 1630 5409 quibusiaieant
1641 5341 1801 5398 testimoniis

170 5412 303 5485 imagines
328 5417 379 5471 rite
400 5416 560 5485 aequiparari
586 5432 639 5471 non
657 5423 787 5483 possunt:
804 5431 864 5470 einn
886 5415 960 5471 Scii—
1011 5411 1159 5483 approbare
1173 5425 1180 5472 ς
1196 5408 1325 5465 Dominus
1341 5420 1492 5479 nariiqueet
1506 5408 1630 5464 Salvator
1644 5421 1801 5470 nosternon

170 5492 258 5553 ptnrae
271 5485 370 5540 dirime
382 5486 438 5540 sint
463 5486 478 5539 a
504 5485 559 5540 ileo
573 5484 779 5556 praedestinate,
798 5495 826 5541 et
878 5495 962 5540 rnio·
1011 5485 1050 5536 ait
1061 5496 1068 5535 ι
1079 5479 1201 5547 Qiianiliu
1218 5478 1320 5534 fecistis
1333 5479 1503 5550 imaginihus,
1518 5480 1585 5534 sed:
1603 5478 1727 5545 Quotidie
1738 5481 1802 5552 fecis

171 5560 263 5607 nienta
276 5555 435 5610 sacculorum
458 5556 491 5610 ad
518 5556 641 5609 bitumum
661 5555 757 5610 salutis
779 5566 961 5611 emouinenta
1010 5553 1058 5607 atii
1073 5550 1117 5604 uni
1130 5549 1163 5603 da
1176 5550 1291 5603 miniatis
1316 5549 1383 5615 istis,
1409 5548 1473 5602 milii
1489 5549 1593 5622 feriatis
1615 5549 1721 5621 (lfcttln
1737 5567 1799 5618 aiu,

172 5622 299 5678 elementi
313 5625 478 5680 exhibitione
490 5638 636 5687 concessa,
656 5624 823 5695 habeantque
838 5638 962 5680 aiiezoies
1011 5622 1068 5692 tu).
1082 5620 1136 5674 Nec
1150 5620 1188 5674 ait
1202 5634 1210 5673 ι
1222 5617 1273 5685 bui
1285 5619 1426 5738 imagines,
1438 5619 1504 5673 sed:
1525 5617 1577 5684 Ωιι·
1590 5635 1633 5674 ιιι
1644 5621 1742 5742 recipe.
1760 5630 1801 5676 iae

174 5701 282 5747 sanctos
294 5703 320 5748 et
333 5696 501 5749 renerabiles
516 5693 588 5748 viros
603 5697 730 5749 virtutum
757 5696 924 5766 lariipadlbns
936 5707 964 5749 et
1016 5693 1105 5761 incipit
1124 5710 1133 5740 i
1151 5688 1258 5759 (Multi.
1276 5688 1335 5755 a,l
1354 5690 1373 5760 ).
1391 5689 1422 5741 Ei
1442 5689 1488 5744 lin.-
1505 5704 1541 5755 ir,
1555 5704 1614 5757 cap.
1631 5690 1673 5752 lll,
1715 5689 1799 5762 iiipl-
