4050 6192
233 331 303 389 ttt5
613 322 702 379 LlBl'li
720 318 892 377 concutit,
913 348 944 359 --
965 318 1076 375 cntett.
1097 316 1141 373 bn
1159 314 1252 369 iltuit.
1272 343 1304 371 .-
1325 313 1388 369 tto.
1409 311 1451 367 ii.
1783 310 1853 368 libb

230 447 301 504 sicin
311 456 376 513 crgo
393 446 489 495 cetera
503 437 577 501 uitia,
601 437 638 491 ita
652 438 733 491 etium
760 434 892 491 mentlocii
917 432 1013 487 titium
1029 442 1052 495 Α
1066 430 1110 486 illa
1125 427 1297 486 occlusisse
1310 427 1444 499 leguntur,
1459 440 1510 496 per
1522 425 1680 498 imaginem,
1695 440 1783 497 neque
1804 440 1853 498 per

230 540 381 597 divinarum
397 533 596 603 scripturarum
614 529 783 587 documentis
800 537 842 584 est
860 525 1015 582 inhibitum.
1067 519 1171 574 colores
1196 517 1301 572 Domini
1337 515 1519 571 fortitudinem
1545 515 1672 571 adorasse
1695 516 1851 584 creduntur,

230 630 308 689 Unde
320 626 442 699 quisquis
454 623 573 692 ejusdem
585 620 697 676 loannis
708 620 817 675 annuitis
839 624 924 687 ponet,
941 622 970 669 ut
989 623 1018 669 et
1066 611 1165 680 quippe
1179 624 1240 664 com
1254 607 1354 663 incudi
1378 607 1466 662 adhoc
1480 606 1580 660 mondo
1594 607 1707 662 necdum
1725 621 1853 676 quarum·

231 720 363 791 imagines
385 718 479 773 adoret
503 721 531 769 ct
556 714 663 767 easdem
685 711 821 767 Christum
843 708 891 762 bei
919 705 1017 760 Filium
1067 701 1128 757 dam
1143 699 1339 755 mundanarum
1361 696 1460 751 artium
1479 695 1654 779 experientiae
1677 695 1852 752 haberentur.

231 810 356 882 appellet,
371 816 399 863 et
411 806 652 878 supervacuitatem
665 818 780 874 uuluam
805 808 923 862 exercet,
937 805 963 853 et
988 813 1031 851 se«
1067 788 1133 845 Cum
1148 804 1213 859 crgo
1222 787 1278 842 sint
1289 786 1380 856 plures
1391 784 1482 839 mundi
1493 792 1596 853 partes,
1608 784 1636 838 in
1649 785 1748 855 quibos
1768 785 1855 840 bomi-

221 897 459 972 'pgppggpppmgum
473 912 533 953 esse
543 898 720 953 demonstrat,
732 894 761 949 st
775 894 903 964 01301100
915 889 1016 953 scetus,
1066 877 1244 947 nespictoritc
1252 875 1318 930 ortis
1329 873 1488 944 sintignari,
1500 873 1683 942 nunquidnam
1695 873 1793 929 ibidem
1801 873 1854 928 ior-

232 1004 262 1050 ,p
283 993 329 1050 3110
354 991 554 1064 „mpessusggg
568 995 748 1058 perpetretur,
776 983 932 1054 pmptpppuf
950 979 1017 1035 intpp
1067 967 1152 1021 titudo
1169 963 1276 1020 Domini
1300 962 1411 1018 minime
1434 961 1554 1016 creditor
1569 960 1696 1016 adcmril
1719 960 1854 1018 hdorntor

232 1086 304 1159 qtrod
316 1082 438 1141 ieremias
457 1081 584 1137 uaticinio
608 1094 673 1134 noce
684 1077 790 1133 bonoim
804 1076 902 1130 dicitur
918 1091 925 1126 ε
941 1071 1018 1126 Heu·
1066 1053 1475 1128 1111111[01111111101101111111.11011
1497 1067 1547 1123 per
1567 1053 1784 1123 imaginemque
1805 1069 1854 1124 pcr

232 1175 338 1229 dociam
362 1181 385 1227 et
408 1186 460 1225 non
479 1167 545 1238 tides
564 1166 672 1222 incaluit
690 1174 886 1236 superterram,
912 1160 976 1232 quio
1000 1176 1017 1212 o
1066 1140 1564 1216 10101181111111111111111181111111111,
1587 1142 1635 1197 ted
1654 1140 1775 1211 peruios
1789 1142 1854 1197 inei·

234 1259 311 1315 mit,
322 1259 393 1313 ,ηιμ
410 1256 537 1319 apum,
550 1264 573 1309 ιι
588 1270 628 1308 me
642 1270 693 1307 mm
715 1259 898 1323 cognoveram,
917 1246 1017 1302 Paulus
1066 1236 1175 1293 rabilem
1184 1236 1329 1307 potentiam
1348 1234 1503 1305 quantouis
1517 1231 1855 1304 mundicompagocondi-

233 1364 340 1421 qnoque
363 1348 487 1420 egregius
509 1345 671 1415 praedicator
689 1341 858 1397 mendacium
882 1340 1017 1409 deponere
1066 1337 1165 1382 taesse
1184 1325 1358 1397 dignoscitur.
1382 1323 1519 1378 Adoratur
1539 1323 1621 1378 etiam
1642 1322 1771 1379 lortitudo
1794 1322 1853 1393 ejus

233 1447 260 1493 et
284 1436 424 1492 ueritatem
438 1434 509 1504 loqui
519 1435 562 1490 his
572 1433 661 1487 uerbis
674 1432 827 1502 persuadet.
842 1428 887 1483 llit
899 1429 971 1484 enim
989 1426 1016 1482 in
1066 1434 1119 1493 111111
1135 1417 1326 1488 11111111111111
1341 1415 1479 1479 oratorias,
1502 1415 1742 1483 1111))11111111111111
1763 1430 1852 1480 51111111,

233 1527 351 1599 Epistola
364 1526 397 1582 ad
410 1524 539 1595 Ephesios
551 1541 557 1577 :
569 1523 728 1594 deponentes
741 1519 917 1583 mendacium,
932 1517 1018 1588 ioqui·
1065 1509 1162 1586 Filium
1177 1508 1310 1570 uidelicet,
1328 1522 1407 1576 qttem
1429 1514 1493 1561 ante
1506 1505 1603 1561 saecula
1627 1505 1798 1561 ineffabiliter
1808 1522 1854 1577 ge-

233 1614 617 1686 miniaeritatentunusquisque
626 1627 685 1666 curn
697 1612 815 1678 prcaimc
828 1608 960 1680 suo,gsia
974 1624 1018 1661 su·
1066 1604 1134 1665 nult,
1148 1610 1175 1655 et
1191 1612 1240 1671 per
1251 1613 1330 1668 quem
1345 1606 1373 1652 et
1386 1598 1412 1652 in
1426 1613 1480 1668 quc
1491 1598 1617 1653 uniuersa
1628 1598 1738 1661 creauit,
1753 1599 1799 1670 qni
1813 1608 1854 1657 eei

232 1726 290 1763 snus
298 1706 405 1761 inuicem
417 1702 533 1757 membra
542 1701 650 1773 (Epises.
660 1700 714 1769 tn);
727 1700 790 1754 item
799 1699 869 1753 idem
877 1698 910 1752 ad
922 1694 1017 1752 Colos-
1066 1690 1177 1745 dextera
1190 1697 1218 1745 et
1231 1688 1360 1744 lortitudo
1377 1687 1474 1754 Patris,
1498 1703 1548 1758 per
1566 1704 1648 1758 qnam
1670 1687 1854 1744 tortitudinem

234 1811 326 1854 censes
338 1815 344 1851 :
357 1793 447 1850 Nolite
464 1780 568 1847 mentiri
579 1791 687 1846 inuicem
699 1789 840 1862 spoliantes
852 1805 895 1843 nos
907 1797 1016 1843 reterens
1032 1774 1056 1833 B
1070 1780 1140 1836 sicut
1156 1780 1316 1836 uniuersalis
1335 1785 1519 1834 creaturarum
1541 1786 1647 1835 constat
1670 1794 1730 1834 esse
1748 1788 1855 1850 patrata

233 1887 362 1944 tantum
374 1900 432 1938 euru
447 1881 547 1936 actibus
559 1881 614 1934 sur's
626 1878 737 1952 (coloss.
750 1877 803 1950 ιιι).
822 1875 939 1932 loannes
950 1888 1018 1944 quo·
1067 1869 1179 1931 creatio,
1201 1869 1239 1924 ita
1251 1870 1333 1924 etiam
1353 1877 1482 1940 perpetua
1496 1876 1523 1924 et
1537 1869 1572 1924 ab
1586 1867 1688 1941 angelis
1706 1877 1734 1924 et
1755 1869 1790 1924 ab
1808 1869 1855 1922 ho-

233 1994 286 2049 qae
296 1973 432 2045 apostolos
441 1971 481 2026 ait
493 1985 501 2025 :
512 1968 595 2025 Omne
606 1968 771 2023 menducium
784 1983 836 2022 non
855 1974 892 2020 est
907 1965 939 2018 de
952 1964 1019 2018 oeri-
1067 1962 1185 2018 minibus
1203 1960 1228 2017 ei
1250 1959 1403 2016 celebratur
1416 1959 1539 2015 adoratio
1562 1960 1608 2029 qui
1636 1958 1763 2014 nimirum
1785 1960 1855 2014 sieut

233 2078 286 2123 tote
307 2065 334 2138 tl
353 2065 432 2120 ioan.
457 2063 499 2134 ιι).
520 2061 597 2118 llnde
610 2060 711 2131 liquido
727 2067 802 2128 patet
821 2058 845 2113 si
857 2058 973 2127 pictura,
987 2064 1019 2110 ut
1067 2068 1149 2109 causa
1159 2060 1202 2107 est
1210 2050 1299 2108 omnis
1309 2050 1465 2115 creationis,
1479 2050 1516 2104 ita
1526 2050 1697 2105 etiamcausa
1709 2057 1750 2104 est
1756 2048 1854 2117 justis-

234 2160 279 2216 ille
298 2158 376 2214 lateri
402 2158 535 2221 bortatur,
561 2154 685 2210 Christus
711 2152 758 2207 bei
780 2151 866 2207 Filios
892 2156 1015 2213 nonest,
1067 2143 1143 2200 sintae
1161 2150 1188 2198 et
1202 2141 1401 2197 decentissimae
1420 2140 1595 2196 adunationis.
1618 2138 1717 2195 Soncta
1735 2139 1854 2210 igituret

233 2248 401 2306 mendacium
431 2247 467 2303 sit
496 2245 523 2301 id
548 2245 620 2315 qood
646 2244 766 2308 dicitur-3
793 2242 866 2298 etsi
896 2241 924 2296 id
946 2238 1018 2311 quod
1067 2231 1227 2290 uniuersalis
1242 2230 1362 2287 Ecclesia
1373 2246 1427 2286 ιιοιι
1447 2244 1495 2302 per
1505 2229 1645 2301 imagines,
1660 2244 1763 2298 quaen
1782 2228 1855 2284 ccic-
1894 2229 1896 2233 ’

232 2339 334 2395 dicitnr
359 2336 528 2392 mendacium
549 2342 611 2398 est,
634 2331 711 2402 justa
725 2332 846 2402 Apostoli
862 2346 955 2387 rocem
984 2329 1019 2385 de
1068 2326 1143 2383 ribus
1164 2325 1241 2391 hunt,
1264 2332 1294 2379 ot
1307 2338 1378 2394 sepe
1394 2320 1691 2379 memoratusloanoes
1708 2335 1855 2377 nauseasse

232 2421 1018 2498 renitatenouest.Cumigiturtalisprolessicmeudacium
1068 2418 1244 2491 dignoscitor,
1259 2417 1343 2471 ileum
1362 2416 1476 2471 adorare
1500 2429 1549 2470 nos
1567 2412 1696 2469 mortales
1719 2411 1853 2478 homines,
1952 2434 1955 2439 ·

233 2522 278 2587 sit,
292 2519 473 2592 proculdubio
486 2518 519 2573 de
531 2516 875 2579 eademveritateuonest,
888 2528 948 2584 que
960 2511 1016 2566 ait:
1067 2524 1155 2581 neque
1165 2508 1293 2564 aetherias
1311 2514 1469 2578 potestates,
1484 2506 1530 2562 sed
1542 2520 1592 2576 per
1604 2504 1741 2561 Christum
1761 2503 1855 2558 bomi-

236 2611 291 2684 Egc
309 2627 367 2666 sum
383 2611 424 2664 aia
439 2618 462 2664 et
474 2609 568 2663 ceritas
585 2616 610 2662 et
632 2607 684 2661 rito
710 2605 801 2678 (laon.
826 2603 894 2676 ιιι).
923 2602 1019 2659 Cultus
1067 2615 1133 2654 num
1150 2596 1308 2665 cantitetur,
1322 2611 1384 2652 cont
1396 2612 1452 2652 suas
1466 2594 1657 2666 redemptionis
1670 2594 1799 2666 mysteria
1811 2609 1856 2649 ce-

234 2704 306 2759 eoim
328 2699 492 2756 adorationis
514 2698 564 2754 soli
587 2697 651 2761 beo,
679 2704 707 2751 et
728 2694 862 2752 conlessic
884 2693 946 2749 iiiii
969 2692 1018 2748 ilci
1067 2687 1297 2755 lebransdignum
1321 2694 1348 2742 et
1373 2685 1488 2756 justum,
1512 2693 1712 2756 equumqueet
1737 2683 1856 2740 salutare

234 2791 271 2848 illi
284 2791 333 2847 soli
347 2790 467 2860 quivere
490 2786 549 2856 ejus
569 2786 654 2842 Filius
674 2784 858 2841 coessentialis
883 2793 933 2848 est,
964 2799 1018 2838 ιιοιι
1068 2771 1135 2838 dicit
1147 2793 1217 2845 esse,
1232 2784 1263 2832 ot
1279 2791 1328 2833 nos
1345 2776 1372 2832 ei
1391 2789 1497 2845 semper
1515 2782 1543 2831 et
1558 2773 1658 2845 ubique
1667 2773 1768 2846 gratias
1789 2788 1855 2844 aga·

233 2882 384 2952 adoptivus,
399 2878 519 2935 exhiberi
540 2875 746 2932 dehetsivero
770 2873 821 2928 llic
844 2872 1018 2944 particulsin
1068 2886 1139 2937 mus,
1153 2883 1203 2939 per
1219 2865 1473 2939 quemineiiabilem
1488 2866 1578 2922 Patris
1591 2865 1759 2936 majestatem
1773 2880 1856 2937 ange-

233 2975 327 3028 ecdem
347 2971 405 3026 inec
416 2985 465 3041 pra
475 2967 602 3023 adverbio
622 2965 682 3030 loci,
705 2981 760 3021 non
779 2980 829 3035 pro
841 2964 1017 3034 pronomine,
1069 2962 1110 3018 los
1121 2962 1241 3028 laudare,
1261 2960 1459 3016 dominationes
1480 2959 1604 3024 adorare,
1629 2965 1778 3029 potestates
1800 2964 1857 3013 tre·

233 3064 319 3137 posita
342 3070 394 3128 est,
418 3068 554 3129 utcunque
575 3058 633 3113 hec
656 3056 790 3112 sentemia
812 3064 885 3112 stare
910 3062 1017 3125 potest,
1070 3050 1857 3123 mere,coeloscuelcmmquemilitiamsupplicicoalessione

233 3152 296 3226 ania
314 3152 385 3206 lictu
398 3150 496 3219 ubique
506 3155 558 3203 est.
1033 3113 1057 3177 G
1072 3146 1202 3216 hymnum
1217 3144 1310 3214 glorias
1318 3150 1425 3198 constat
1436 3142 1579 3198 suavisona
1592 3141 1776 3198 modulatione
1796 3157 1857 3198 eau-

549 3255 663 3314 cgppp
673 3257 705 3312 ῃ,
1067 3230 1855 3306 tare.ddoraturergclortitodoejosnonpercolcriieram

234 3366 274 3424 Dr
287 3383 317 3421 ec
331 3366 400 3438 pared
421 3364 537 3421 loannes
552 3382 604 3421 non
626 3366 790 3421 rectedinit:
805 3365 857 3422 Per
874 3368 1018 3436 imaginem
1067 3324 1213 3396 imaginem
1236 3323 1304 3395 ‘qus’
1326 3324 1374 3380 “d
1394 3338 1442 3399 ¹³⁶¹
1457 3324 1679 3392 mmmmm·
1692 3333 1721 3381 ⁰¹
1736 3323 1857 3380 11111101·

269 3451 329 3509 qgae
342 3450 390 3505 W
411 3435 514 3491 “gom
534 3445 655 3507 ,ppmp'
668 3437 795 3490 agontur
808 3435 939 3490 fofgggugo
960 3434 1019 3504 ejus
1068 3415 1165 3471 tricem
1185 3412 1244 3483 ejus
1260 3414 1486 3471 incarnationem.
1501 3413 1638 3471 lldoratur
1660 3414 1718 3484 ejus
1737 3415 1856 3484 potentia

268 3504 479 3576 etgicrilitator,
493 3513 521 3560 et
540 3506 743 3560 admemoriam
755 3505 895 3559 veniemus
907 3506 941 3561 de
959 3506 1019 3575 ejus
1068 3519 1122 3559 non
1138 3518 1187 3573 per
1198 3504 1342 3573 picturam,
1358 3506 1405 3560 sed
1415 3520 1464 3574 per
1473 3521 1522 3560 soa
1532 3519 1614 3574 opera
1627 3519 1635 3559 ε
1651 3519 1700 3575 per
1709 3506 1767 3559 haee
1780 3503 1856 3559 ride·

266 3577 377 3632 11111113
392 3577 544 3647 9131111111·
1067 3592 1140 3659 licet,
1150 3595 1247 3663 quibus
1260 3595 1375 3677 lorroam
1381 3595 1453 3651 serti
1462 3596 1593 3667 accipere,
1606 3595 1749 3668 devirgine
1763 3596 1856 3664 nasci,

268 3690 344 3748 llario
355 3705 462 3764 proque
473 3689 715 3761 dementiamsupe
727 3684 1020 3743 memoratosloannes
1068 3676 1158 3740 surdis
1171 3683 1302 3748 auditum,
1321 3684 1404 3739 mutis
1422 3683 1575 3754 eloquium,
1596 3684 1700 3741 claudis
1717 3699 1856 3756 gressum,

233 3778 441 3852 preshytersuis
453 3775 557 3832 irivolis
570 3776 669 3830 addere
688 3791 741 3831 non
758 3775 872 3840 distulit,
896 3784 927 3830 ot
945 3775 1020 3831 dice·
1069 3773 1183 3844 leprosis
1191 3773 1555 3844 sirecaeterismgritudiaom
1566 3775 1697 3831 matonis
1704 3775 1857 3845 aggravatis

234 3877 296 3924 ret:
311 3867 364 3921 Per
372 3868 512 3938 imagineas
526 3882 585 3938 qua
594 3881 640 3936 per
656 3864 755 3920 calores
778 3875 896 3937 apparet,
911 3865 1019 3921 Domini
1069 3865 1224 3930 sanitatem,
1242 3865 1357 3920 mortuis
1370 3866 1465 3933 uitam,
1480 3866 1560 3922 cecis
1574 3864 1665 3922 lumen
1680 3866 1803 3934 reddere,
1814 3866 1857 3922 iu·

234 3960 414 4032 {putredinem
424 3959 631 4031 adorari,quasi
652 3958 781 4014 Βοιιιίιιιιι
795 3956 909 4027 alicujus
924 3957 963 4013 rei
983 3958 1021 4013 sit
1070 3955 1146 4011 lerna
1169 3955 1332 4025 exspchare,
1355 3956 1453 4013 mortis
1478 3958 1619 4029 imperium
1643 3957 1798 4026 deucere,
1822 3958 1856 4016 de

235 4054 405 4124 indigenum
414 4066 463 4122 per
474 4051 592 4121 aliquam
606 4066 663 4107 rem
679 4066 756 4107 suam
766 4051 950 4107 tortitudinem
960 4065 1022 4122 que
1070 4045 1194 4114 sepulcro
1209 4059 1329 4118 surgere,
1344 4047 1379 4103 1111
1392 4046 1476 4103 1111118
1502 4047 1648 4103 oscendere
1659 4047 1787 4119 dignatus
1803 4058 1855 4106 esi·

234 4145 334 4201 nirdam
348 4144 430 4200 habet
445 4144 632 4215 indigentum,
646 4142 729 4200 laclat
737 4143 855 4200 adorari.
878 4145 1021 4216 Nunquid-
1071 4140 1135 4197 itae
1145 4146 1209 4196 sont
1223 4139 1295 4196 enim
1310 4140 1488 4196 instrumenta
1498 4139 1598 4210 quibus
1613 4154 1629 4194 a
1644 4139 1785 4196 catholicis
1802 4140 1857 4195 lor·

234 4250 296 4292 natm
307 4249 368 4289 cuna
379 4233 439 4289 ooeli
456 4233 513 4289 siue
529 4233 597 4289 lucis
619 4234 736 4297 nomine,
761 4233 876 4304 primam
900 4235 1022 4291 omnium
1072 4230 1159 4288 titudo
1172 4231 1279 4288 bonoim
1292 4231 1435 4298 adoratur;
1446 4231 1505 4287 hmo
1513 4230 1662 4286 munimina
1680 4230 1779 4300 quibus
1790 4230 1858 4286 tides

234 4322 553 4394 creaturam,angelicam
570 4322 722 4378 condiderit
738 4332 875 4385 naturam,
901 4339 963 4396 quae
986 4325 1022 4381 ab
1071 4323 1253 4381 ecclesiastica
1277 4329 1382 4389 tactust
1396 4322 1456 4378 hmo
1470 4320 1640 4378 eustenius
1664 4334 1733 4390 qua,
1755 4322 1778 4376 si
1796 4321 1857 4391 quis

234 4413 293 4485 ipsc
305 4412 451 4469 creationis
462 4428 517 4468 snae
526 4412 637 4468 exordio
659 4412 708 4467 Dei
730 4411 914 4470 lentitudinem
925 4423 953 4470 et
977 4414 1022 4471 ad·
1038 4413 1206 4511 „dissentio
1221 4412 1399 4483 periclitatur,
1412 4424 1494 4483 quam
1516 4411 1541 4467 si
1558 4411 1620 4483 quis
1642 4412 1724 4468 corde
1747 4412 1858 4479 ratioet,
1944 4402 1947 4409 ⁴

233 4524 327 4565 orasse
346 4509 464 4564 creditur
482 4516 510 4564 ct
535 4507 670 4573 laudasse,
684 4507 747 4579 quia
762 4508 875 4563 necdum
897 4509 1021 4566 homines
1073 4505 1187 4562 saluum
1200 4512 1359 4577 perpetuam
1371 4503 1542 4574 adipiscitur;
1558 4503 1610 4560 boc
1622 4502 1778 4559 memoriale
1797 4517 1859 4573 per-

233 4609 321 4665 orant,
337 4600 383 4670 qul
402 4599 740 4672 dequibusquemoteriis,
756 4613 807 4655 nec
818 4600 941 4672 madan
964 4614 1022 4655 ma·
1071 4602 1192 4666 petuam,
1206 4610 1260 4665 quc
1280 4593 1417 4651 Christum
1430 4594 1549 4651 ildelioto
1567 4602 1672 4650 mentes
1685 4594 1859 4652 interioribus

234 4691 310 4746 terite
323 4697 402 4745 erant
417 4690 444 4744 in
458 4690 556 4760 quibos
579 4689 710 4759 imagines
723 4689 796 4761 pingi
814 4697 935 4762 possent,
958 4690 1020 4746 ideo
1071 4686 1158 4742 ceolis
1172 4700 1279 4757 semper
1291 4685 1440 4750 intuentur,
1454 4685 1488 4741 ad
1502 4699 1616 4756 quaram
1636 4700 1728 4742 reram
1750 4685 1857 4756 plenam

235 4779 341 4835 bomini
365 4778 548 4834 fortitudinem
575 4794 626 4833 nec
644 4780 771 4835 adorasse
793 4779 920 4836 credendi
939 4789 1020 4847 suat,
1071 4776 1316 4850 coguitionemnou
1339 4790 1388 4848 per
1400 4775 1535 4848 picturam
1554 4778 1672 4844 venitur,
1690 4777 1742 4848 'sed
1764 4779 1859 4848 peril·

235 4885 285 4926 nec
298 4868 438 4924 laudasset
457 4868 503 4923 dit
523 4858 595 4923 enim
610 4867 750 4938 Scriptura
765 4885 773 4922 a
796 4867 910 4934 Quando
932 4879 1021 4926 creata
1071 4869 1143 4934 dem,
1161 4882 1235 4938 spem
1248 4875 1276 4923 ct
1291 4866 1550 4934 dilectionemQuia
1560 4868 1643 4940 igitur
1657 4866 1727 4924 idem
1741 4865 1859 4924 loannes

234 4968 294 5015 suro
318 4958 407 5012 omnia
432 4958 539 5021 sidera,
562 4956 641 5011 simul
661 4956 834 5011 laudaverunt
863 4973 904 5012 ane
932 4974 1020 5014 omnes
1072 4959 1215 5029 impertite
1232 4973 1288 5014 strae
1304 4958 1397 5014 nubilo
1410 4959 1530 5025 obsitos,
1548 4967 1579 5015 ut
1594 4975 1667 5027 reor,
1682 4958 1755 5015 aliud
1774 4960 1857 5028 dixit,

234 5046 320 5119 onpeii
333 5048 395 5101 otei.
412 5047 463 5103 libi
474 5046 530 5117 lam
557 5047 695 5102 evidenter
716 5045 876 5110 ostenditur,
897 5063 950 5103 non
973 5064 1023 5120 per
1072 5051 1135 5107 dum
1149 5057 1239 5105 umen
1252 5048 1325 5104 aliod
1338 5049 1429 5105 dicere
1448 5050 1539 5118 uellet,
1553 5052 1611 5108 brec
1627 5058 1722 5107 contra
1742 5065 1774 5107 es
1797 5066 1858 5122 quao

235 5137 379 5208 imaginent
394 5152 454 5208 qaae
465 5152 515 5208 per
532 5137 638 5193 otiores
662 5144 782 5206 apparet,
809 5138 857 5193 sed
872 5153 922 5209 per
943 5155 1021 5195 snam
1072 5140 1231 5206 driutius
1241 5137 1533 5196 sufficiantidaeterom
1545 5142 1579 5196 ad
1591 5155 1623 5196 ea
1634 5155 1696 5212 mre
1708 5141 1798 5197 dicere
1810 5157 1858 5199 nc-

234 5226 397 5286 ioedabilem
408 5228 555 5299 pauntiau
567 5227 613 5283 bei
625 5226 807 5284 tortitudinem
820 5243 928 5300 semper
939 5228 1022 5286 inisse
1071 5231 1121 5286 lolt
1130 5230 1210 5301 halus
1218 5230 1407 5303 disputationis
1416 5245 1465 5303 pes
1476 5232 1622 5288 terwndus
1633 5240 1689 5297 est,
1702 5239 1734 5288 ot
1745 5241 1773 5289 et
1792 5233 1858 5305 quid

234 5318 370 5376 hamum
389 5326 418 5374 et
427 5319 577 5376 adoratam.
591 5317 781 5390 Nonquidnam
805 5326 866 5390 pcst
889 5320 1022 5376 conditio-
1072 5320 1166 5378 acuns
1181 5321 1671 5394 mseremduetgoidralensdieere
1681 5321 1792 5389 studuit,
1805 5323 1858 5382 io·

235 5427 297 5468 acm
309 5412 460 5479 homiuum,
475 5427 537 5468 com
549 5412 662 5467 necdum
672 5412 787 5483 pictoria
804 5428 851 5468 ars
869 5411 898 5467 in
921 5412 1022 5468 mundo
1067 5415 1114 5486 jus
1124 5417 1186 5489 styli
1202 5430 1291 5489 pugno
1301 5417 1506 5475 rationabilibus
1524 5418 1609 5475 armis
1628 5420 1732 5476 monito
1750 5420 1859 5492 quatia-

234 5499 396 5567 ioclcrisset,
412 5498 543 5558 tortitudo
557 5500 665 5557 bomini
687 5501 797 5557 minime
819 5500 898 5558 iuita
920 5505 1022 5559 sancus
1072 5514 1127 5575 tor,
1137 5517 1271 5579 qualemn
1282 5524 1332 5565 nos
1343 5517 1372 5565 et
1388 5509 1501 5566 dicenda
1519 5524 1580 5582 que
1598 5509 1753 5583 impropriis
1766 5513 1858 5570 serbis

235 5592 385 5665 unibusdue
403 5594 529 5650 adoratu
543 5594 663 5666 mique
672 5610 760 5666 neom
771 5594 837 5653 Abel
851 5594 958 5666 iustas,
970 5600 1022 5652 'ne-
1071 5598 1160 5655 obsita
1171 5606 1234 5655 saut
1243 5599 1369 5666 sensisse,
1381 5608 1409 5655 et
1422 5599 1492 5657 dicta
1501 5615 1562 5672 quae
1571 5600 1718 5675 intelligere
1729 5603 1756 5659 ia
1765 5618 1858 5675 prora-

235 5700 288 5757 que
301 5684 403 5756 ΕιιοοΙι,
417 5701 505 5758 necne
518 5685 1019 5761 Noe,‘neoneullussanctorumquiin
1070 5696 1118 5761 pto
1143 5698 1216 5760 suot,
1241 5690 1401 5761 disputando
1423 5691 1581 5751 contrivisse
1609 5678 1698 5752 tecto?
1717 5701 1856 5764 mutescat.
