4050 6192
192 227 260 284 liii
618 223 739 281 SECTlO
755 223 787 290 tl,
807 222 1000 280 tttsrotttelt.
1019 255 1054 266 -
1072 223 1152 279 aab.
1174 222 1252 281 tit.
1271 219 1397 279 ruthe.
1757 225 1825 286 'tttb

189 355 240 413 per
251 355 280 393 sc
293 339 378 408 ipsum
391 336 449 392 lieri
463 337 611 392 maluisset.
630 336 743 407 lusuper
757 336 842 391 etubl
862 336 919 406 ipse
933 337 981 390 ab
995 347 1019 404 Α
1033 345 1104 400 caut,
1122 352 1207 408 usque
1226 340 1260 393 ad
1278 337 1377 393 coelum
1389 353 1471 394 voces
1484 331 1628 404 ederreut,
1642 349 1670 396 et
1687 343 1734 413 qni
1787 353 1825 400 tet

190 424 254 467 sens
265 406 367 469 luisset,
382 407 419 460 ita
432 421 580 478 pauperum
595 422 691 461 causas
703 407 837 460 moderari
850 406 978 468 decrevit,
1034 415 1097 461 rant
1116 407 1149 462 de
1166 406 1296 463 militibus
1310 409 1391 478 pedes
1405 409 1576 479 imperatoris
1590 410 1748 481 amplectem
1764 414 1824 480 bus,

190 477 323 534 utuniex
342 477 391 541 eis,
424 477 497 532 uicit
512 478 585 530 oniui
601 476 797 547 partcdehilis,
813 475 861 529 sed
879 476 982 529 auimo·
1032 475 1094 531 aliis
1113 477 1218 532 eminus
1229 477 1414 543 adorantibus,
1428 478 1484 547 jam
1504 479 1611 535 Caesare
1628 482 1662 535 ad
1681 481 1823 537 ecclesiam

189 549 246 603 sior
259 547 365 600 cacteris
378 546 403 599 vi
440 547 528 609 hatur,
544 547 663 616 ipsorum
675 545 833 608 commissa,
848 543 982 598 furtorum
1032 546 1205 615 procedente,
1220 547 1329 616 quidam
1343 548 1376 602 de
1390 549 1492 604 scurris
1506 548 1666 619 ioculariter
1680 551 1785 622 iuquit:
1800 552 1823 609 0

191 615 365 680 redditiones,
379 613 537 683 injuriarum
549 617 590 668 vel
603 615 741 669 laesionum
752 614 875 677 taliones,
886 614 913 666 iu
925 628 982 667 ma·
1033 623 1060 669 te
1077 617 1154 670 beate
1175 616 1312 680 Ludvvice,
1332 617 1378 688 qui
1400 625 1440 672 tot
1461 620 1583 674 homiues
1602 635 1654 674 una
1669 620 1713 676 dle
1725 622 1825 677 vestire

189 683 294 755 iorihus
313 685 394 738 etiam
415 685 566 739 commissis
587 685 770 739 membromiu
792 682 980 746 abscissiones,
1031 685 1153 755 potuisti,
1167 701 1217 755 per
1226 685 1373 752 Christum,
1385 689 1473 743 nullus
1484 689 1510 743 iu
1522 690 1628 761 Europa
1640 688 1719 744 hodie
1731 692 1824 761 plures

191 763 238 810 aut
256 754 439 809 truncationes
452 757 579 824 capitum,
602 769 653 807 nec
673 769 726 807 nou
746 761 774 807 ct
793 752 982 822 suspensiones
1031 755 1148 817 vestivit,
1167 770 1247 825 quaiu
1268 763 1307 818 tu,
1330 765 1429 825 praeter
1442 757 1578 814 httoucm.
1600 759 1722 831 Cumque
1742 762 1778 816 ab
1791 774 1824 816 co

189 838 336 906 corporum
354 839 403 904 per
422 838 484 879 cum
497 824 556 879 lieri
577 824 745 893 praeciperet.
761 821 813 889 Qui
827 821 983 877 constitutis
1032 823 1180 894 imperator
1197 832 1340 895 quaereret,
1356 828 1490 895 quomodo
1507 827 1551 882 ille
1564 829 1664 884 vestire
1682 830 1822 901 potuisset,

190 895 314 958 ducibus,
328 893 443 948 tribunis
455 899 483 947 et
491 893 694 948 centurionibus
703 907 851 961 eorumque
860 890 980 956 vicariis,
1032 908 1139 958 mutius,
1154 894 1231 975 quasi
1244 895 1371 964 gaudem.
1386 897 1408 950 si
1423 896 1613 978 imperatorem
1626 897 1655 952 in
1667 899 1823 956 admiratio·

192 980 250 1018 rem
264 963 315 1018 siai
330 961 478 1033 delegatam
493 962 564 1017 haud
583 962 702 1033 segniter
719 960 848 1032 implevit.
862 960 921 1032 lpse
934 975 982 1014 au·
1032 977 1094 1016 neiu
1104 972 1238 1026 vertisset,
1250 979 1311 1019 oum
1322 965 1453 1020 caeliinuo
1463 966 1567 1021 intulit:
1580 966 1675 1031 llodie,
1687 967 1821 1038 iuquiens,

190 1041 246 1090 tem
259 1032 485 1088 clementissimus
498 1033 642 1101 Augustus,
659 1032 685 1085 in
700 1032 805 1085 cunctis
820 1030 875 1085 illis·
890 1030 982 1085 Domi·
1032 1031 1077 1086 illc
1091 1048 1160 1088 nova
1176 1033 1332 1088 indumenta
1348 1033 1460 1104 largitus
1472 1044 1515 1091 est
1530 1037 1656 1106 plurima.
1673 1035 1750 1103 Quod
1765 1037 1824 1092 dul-

189 1119 255 1157 num
267 1102 404 1157 Christum
417 1109 570 1166 veneratus,
588 1103 628 1156 eis
643 1101 769 1156 alimenta
789 1110 816 1155 ct
828 1101 926 1171 quibus
941 1108 982 1154 tc·
1032 1102 1133 1157 cissimi
1147 1111 1238 1173 gestus
1254 1105 1401 1173 imperator
1414 1105 1510 1161 blande
1527 1121 1577 1176 pro
1590 1106 1661 1170 ludo,
1677 1115 1704 1161 et
1716 1106 1824 1177 ineptus

190 1179 328 1255 gerentur,
347 1172 501 1242 impendero
518 1186 655 1242 nunquam
674 1171 784 1234 destitit,
804 1179 832 1224 et
845 1170 981 1240 praecipue
1032 1181 1061 1224 ut
1075 1181 1134 1226 evat
1148 1173 1231 1236 vultu,
1246 1174 1406 1243 percipiens,
1421 1174 1514 1229 humili
1527 1175 1668 1231 devotione
1680 1174 1822 1232 ecclesiam

191 1259 219 1297 m
232 1242 277 1296 illa
290 1241 343 1306 die,
358 1257 411 1310 qua
423 1241 547 1296 Christus
560 1242 666 1296 mortali
683 1240 771 1294 tunica
785 1248 882 1293 excitus
893 1239 982 1293 iuoor-
1031 1240 1152 1306 iutiavlt,
1167 1242 1194 1296 iu
1215 1258 1268 1312 qua
1290 1244 1327 1296 ita
1343 1244 1466 1299 timorate
1488 1260 1517 1300 se
1534 1246 1625 1314 gessit¹
1645 1245 1721 1316 quasi
1735 1245 1822 1315 ipsum

189 1311 344 1382 ruptibilein
359 1326 495 1365 resumere
507 1313 628 1384 parabat.
641 1311 668 1364 ln
680 1326 731 1379 qua
744 1309 826 1364 etiam
838 1309 942 1363 cunctis
953 1309 980 1363 lii
1032 1311 1174 1365 Domitium
1195 1310 1286 1366 Jesum
1303 1312 1439 1368 Christum
1459 1329 1515 1384 prae
1533 1315 1618 1369 oculis
1637 1316 1822 1385 corporalius

190 1381 292 1462 palatio
307 1381 520 1435 ministrantibus
532 1389 560 1435 et
577 1380 691 1436 incuria
712 1394 740 1432 re
760 1380 784 1433 ia
800 1377 981 1433 servientibus
1031 1378 1133 1435 hahere
1147 1382 1293 1436 videretur.
1308 1380 1359 1448 Qui
1377 1384 1460 1439 etium
1479 1384 1551 1439 omiti
1567 1393 1688 1455 tempore
1706 1398 1759 1438 nou
1773 1399 1823 1454 pro

187 1461 266 1520 iuxta
283 1449 447 1522 singulomm
461 1464 592 1532 personas
609 1450 733 1505 donativa
773 1449 928 1518 igitusest,
944 1448 980 1502 ita
1031 1449 1120 1532 aliqua
1139 1452 1309 1515 necessitate¹
1328 1452 1375 1507 sed
1397 1468 1445 1523 pro
1464 1453 1594 1522 largiendi
1608 1454 1750 1509 occasiouc
1768 1454 1823 1508 siu-
1862 1503 1864 1508 .

190 1531 222 1576 ut
234 1520 410 1576 nobilioribus
423 1523 626 1591 quibuscunque
640 1529 686 1576 aut
699 1518 820 1574 baltheos
834 1526 881 1572 aut
893 1517 982 1573 dasci—
1031 1520 1100 1590 gulis
1121 1521 1241 1576 sabbatis
1258 1521 1389 1587 balneari,
1410 1531 1437 1576 et
1458 1533 1553 1578 cuncta
1572 1538 1633 1592 quie
1650 1524 1821 1593 deposuerat,

190 1589 266 1646 lones
283 1591 530 1662 pretiosissimaque
548 1590 707 1645 vestimenta
722 1605 737 1643 a
750 1588 880 1643 latissimo
896 1591 980 1658 impe·
1030 1598 1130 1661 praeter
1143 1589 1261 1662 gladium
1273 1600 1305 1646 et
1317 1590 1463 1656 baltheum,
1477 1592 1676 1674 apparitoribus
1689 1592 1746 1647 suis
1758 1592 1823 1648 dare

190 1661 232 1715 rio
252 1661 355 1730 perlata
368 1660 491 1715 distribui
508 1658 631 1727 juberet;
645 1658 817 1714 inferioribus
836 1673 901 1712 vero
916 1673 977 1728 saga
997 1690 1017 1749 Β
1032 1666 1218 1716 consueverat.
1239 1659 1303 1727 Quae
1321 1661 1379 1728 cJus
1397 1661 1543 1717 liberalitas
1560 1676 1646 1733 usque
1664 1663 1698 1716 ad
1718 1660 1824 1716 iulimos

190 1729 336 1786 Fresonica
353 1729 500 1784 omnimodi
514 1729 612 1784 coloris
629 1730 774 1794 darentnr3
796 1743 878 1799 porro
890 1736 980 1783 eusto-
1031 1731 1112 1785 etiam
1133 1731 1264 1800 pervenit,
1286 1732 1354 1786 adeo
1373 1740 1404 1786 ut
1424 1730 1576 1786 stracholto
1597 1731 1724 1786 vitreario
1744 1745 1822 1786 servo

190 1800 269 1855 dibus
288 1815 429 1871 equorum,
452 1799 651 1870 pistoribusque
671 1807 699 1855 et
711 1797 805 1869 coquis
825 1798 980 1853 indumento
1031 1800 1118 1854 saucti
1139 1799 1207 1855 Galli
1230 1808 1312 1856 lotam
1335 1802 1492 1856 vestituram
1511 1817 1588 1856 suani
1609 1810 1673 1856 tunc
1693 1800 1744 1855 sibi
1765 1814 1823 1855 ser·

189 1868 259 1923 linea
278 1886 339 1925 cnm
359 1869 444 1925 laneis
460 1870 609 1950 spatiisque
625 1868 714 1942 [Fert.
730 1867 878 1940 spatisque]
900 1874 981 1990 prout
1031 1869 1114 1924 vicuti
1135 1870 1295 1941 preciperet
1314 1870 1383 1926 dari.
1403 1870 1480 1938 Quod
1498 1886 1560 1927 cum
1579 1870 1688 1926 erronei
1707 1868 1822 1924 militum

189 1953 259 2019 opus
269 1940 413 2002 habehant,
430 1941 637 2009 projicerentur.
651 1938 772 2009 Cumque
782 1937 838 2004 iam
853 1937 897 1991 nul
909 1954 925 1992 o
939 1936 980 1990 in·
1031 1938 1125 1995 vasalli
1139 1941 1337 2011 cognovissent,
1351 1941 1376 1995 ci
1391 1940 1469 2009 juxta
1482 1941 1552 1996 viam
1566 1941 1677 1996 iusidias
1693 1949 1823 2010 ponentes

189 2007 305 2077 digerite,
320 2009 466 2064 secuudum
479 2010 562 2064 hctus
573 2017 600 2063 et
615 2009 687 2063 dicta
700 2007 855 2079 apostolica,
867 2015 939 2062 esset
951 2006 980 2061 iii
1031 2010 1148 2079 spoliare
1157 2010 1243 2065 moliti
1256 2019 1327 2065 suut.
1340 2010 1442 2077 Quibus
1457 2026 1518 2065 cum
1533 2011 1602 2066 idem
1617 2010 1719 2065 diceret
1732 2026 1738 2060 ε
1753 2007 1823 2075 Quid

188 2078 314 2133 omuibus
327 2079 414 2149 gratia
428 2095 523 2149 magua
537 2079 605 2148 (Aet.
621 2087 669 2202 Ἲς,
684 2078 792 2149 quaudo
806 2085 833 2131 et
846 2092 898 2200 {aiu
936 2091 979 2131 res
1031 2079 1120 2135 facitis
1138 2080 1267 2135 vitreario
1281 2080 1395 2134 Caesaris
1413 2080 1467 2133 viui
1488 2078 1652 2134 inserentes?
1670 2078 1823 2148 Responde·

188 2147 504 2271 Hgiuosijucundissime
515 2148 632 2204 dealbati
669 2148 839 2219 yrieeleison
874 2146 979 2200 nvtco
1031 2148 1247 2204 ruutzolllcium
1258 2150 1366 2220 quidem
1377 2158 1451 2204 tuum
1462 2148 1820 2220 haberctcpernitttimusv.

242 2226 268 2271 to
281 2233 331 2288 per
343 2219 500 2274 latissimam
512 2227 615 2274 curtem
631 2219 671 2273 vel
684 2216 830 2272 criniculus
841 2216 979 2298 Aquinum
1032 2256 1188 2273 ......

186 2287 276 2356 graui,
297 2305 365 2358 quas
385 2287 474 2344 Latini
491 2289 616 2345 usitatim
633 2289 786 2359 porticuum
805 2302 914 2342 nomine
932 2299 980 2340 ro-

224 2433 237 2462 ·
258 2422 389 2478 Videntur
400 2422 523 2494 quaedam
536 2422 639 2478 deesse.

615 2663 938 2744 GENEthOGlh
975 2660 1158 2739 ChDOLl
1189 2658 1385 2749 bthNl,

814 2789 978 2849 inertius
995 2786 1184 2855 iuouruo,

356 2910 483 2991 Scripta
499 2927 580 2970 unua
598 2908 724 2970 Domini
740 2906 811 2980 867,
827 2912 855 2965 et
873 2900 1031 2963 nCcaisio
1042 2900 1183 2980 primum
1199 2917 1238 2960 ca·
1252 2917 1309 2959 ius.
1333 2897 1434 2960 suncti
1455 2896 1540 2960 Gelli
1556 2895 1649 2960 edito.

414 3087 572 3146 camsilis
588 3085 747 3144 LECTORI.
984 3087 1009 3150 c
1025 3085 1155 3169 miracula
1170 3091 1307 3153 operatur.
1323 3082 1451 3166 Tinsieii
1465 3082 1541 3165 virgo
1553 3082 1661 3167 ,Christi
1683 3082 1712 3139 in
1725 3084 1818 3169 ‚virgi-

220 3182 280 3241 Non
305 3179 397 3251 magni
420 3179 549 3234 momenti
569 3179 644 3235 dices
670 3193 730 3234 esse
754 3177 825 3233 hane
848 3176 975 3232 schedam
1028 3164 1112 3211 uitate
1123 3170 1171 3236 sna
1180 3169 1366 3224 perseverans,
1376 3170 1402 3209 in
1414 3153 1526 3208 Rodims
1536 3162 1645 3209 civitate
1656 3165 1817 3225 requiescit:

186 3252 386 3326 genealogicam
401 3258 456 3304 ,am
471 3251 590 3314 brevem,
607 3259 661 3304 „m
684 3247 757 3302 nun„
777 3255 889 3303 ,uem
908 3262 976 3317 pm„
1027 3243 1076 3297 pro
1101 3240 1177 3296 cuius
1201 3223 1307 3279 meritis
1339 3224 1438 3278 ibidem
1464 3223 1563 3279 Christi
1587 3224 1673 3279 virtus
1697 3227 1818 3294 quotidie

185 3324 300 3393 siquem.
309 3320 346 3373 lta
357 3326 409 3372 est.
422 3318 546 3372 Attamen
558 3335 611 3374 uon
626 3318 706 3389 digna
716 3326 757 3371 est
765 3318 863 3387 perire,
877 3318 976 3388 quippe
1026 3295 1179 3392 ⁰⁵²ss¹¹⁴¹i¹¹¹i
1190 3311 1197 3346 ²
1210 3308 1270 3392 (illi)
1282 3294 1364 3376 iilam
1375 3292 1461 3376 s⁰¹2²¹¹¹⁸
1474 3305 1579 3389 utuntur
1590 3310 1649 3378 ¹¹10(
1650 3303 1712 3350 ¹⁰⁰⁵
1726 3297 1815 3377 susci·

185 3407 247 3461 quai
269 3405 298 3445 se
323 3402 371 3442 sua
393 3388 554 3466 antiquitate
578 3387 758 3451 commendet,
781 3387 883 3455 scripta
904 3403 976 3441 aimo
1027 3375 1107 3422 tasse.
1121 3365 1815 3445 haininispiimoqemtusipsiusqeuuitdominum

185 3458 248 3516 367,
262 3458 304 3512 pq,
318 3456 427 3512 amem„
440 3456 485 3510 hic
503 3455 621 3509 vindico,
637 3454 695 3509 poc
707 3470 789 3508 „num
808 3455 835 3508 a„
852 3457 903 3510 pac
919 3456 976 3509 edi,
1023 3436 1188 3497 ianuarum
1211 3434 1336 3489 domiuus
1349 3435 1491 3515 hinniens
1504 3441 1597 3501 genuit
1611 3432 1772 3515 Fionuirnit
1789 3444 1817 3490 et

185 3529 260 3586 tione
281 3526 434 3583 consilium.
457 3525 533 3591 Quod
557 3533 647 3579 autem
668 3523 782 3578 Carolus
800 3523 912 3593 Magnus
931 3524 975 3579 ipe
1023 3504 1170 3584 disciscit.
1183 3502 1339 3557 Fioonircs
1354 3501 1443 3556 diviua
1459 3510 1594 3583 anunente
1608 3511 1694 3572 gratia
1711 3506 1816 3573 cpisee

186 3607 308 3654 mortuus
323 3597 420 3652 dicitur
433 3610 504 3649 anno
517 3592 578 3659 815,
593 3600 635 3647 cst
657 3594 736 3663 plane
758 3600 851 3646 contra
867 3601 976 3648 seuten—
1024 3589 1074 3642 pus
1088 3573 1228 3627 ⁰ld¹¹l³¹¹¹³
1249 3581 1300 3627 ⁰⁵¹·
1318 3574 1446 3626 Allssilil's
1463 3581 1554 3641 88⁰⁰ss
1569 3571 1694 3627 Piriuuii.
1709 3573 1817 3631 Plt’l-lllt

187 3668 253 3725 1121„
267 3680 447 3733 communem,
460 3679 520 3734 qum
535 3663 561 3719 i„
573 3678 673 3719 annum
687 3662 740 3718 gii
752 3663 896 3718 00„oequ
1024 3643 1117 3712 genuit
1131 3641 1271 3696 Cinoiuit.
1290 3640 1414 3721 Cinoius
1432 3655 1496 3695 vero
1514 3643 1607 3723 genuit
1620 3643 1757 3698 domiuum
1772 3659 1817 3700 re·

1024 3727 1084 3780 goin
1103 3711 1227 3766 Pirisnit.
1241 3711 1370 3765 Dominus
1384 3708 1491 3766 Primus
1505 3720 1599 3781 genuit
1611 3710 1744 3768 Caesarem
1757 3714 1815 3784 glo-

505 3771 655 3828 ῘΝΕῘΡῙΤ
1023 3791 1126 3846 riosum
1143 3806 1177 3844 ac
1193 3789 1340 3860 principem
1354 3789 1549 3844 nobilissimum
1562 3790 1702 3845 Cinoiuii.

265 3885 595 3952 ΕΟΜΜΕΜΟΒΑΉΟ
623 3883 893 3946 GENEALOOEAE
1057 3860 1136 3916 duno
1158 3860 1290 3914 incarnat.
1316 3859 1420 3914 Doiului
1444 3860 1528 3915 nostri
1550 3858 1614 3915 lesu
1638 3860 1739 3916 Christi
1763 3862 1815 3918 815

1023 3929 1148 3986 Cinorus
1164 3928 1284 3984 omnium
1304 3928 1345 3984 ho
1365 3936 1517 3985 ustoruiuo
1537 3930 1618 3985 timus
1653 3930 1688 3984 ad
1709 3930 1731 3985 h
1753 3948 1815 3988 uas-

389 3984 515 4042 (ῙᾹΒΟῙᾹ
534 3982 776 4039 fflPEffiTOffiS·
1022 4001 1128 4072 grauia
1144 3997 1203 4055 itit.
1222 3998 1314 4064 Febr,
1330 3946 1395 4055 hgra
1410 3999 1463 4054 dici
1485 3945 1576 4066 teiptia,
1591 3968 1628 4055 de
1645 3998 1697 4055 boc
1713 3947 1814 4059 caicato

218 4079 385 4142 husmerae,
396 4077 441 4147 qui
457 4074 507 4130 luit
520 4089 665 4146 exgenere
677 4083 844 4136 senatorum,
860 4072 972 4143 praecla-
1022 4070 1156 4141 migravit,
1170 4070 1216 4139 qui
1226 4070 1348 4141 regnarit
1357 4068 1495 4125 annosii.
1508 4070 1629 4126 Decessit
1639 4077 1728 4126 autem
1742 4087 1813 4128 anuo

183 4166 231 4206 riis
244 4151 286 4205 sir
299 4157 380 4219 atque
395 4146 502 4206 nobilis,
523 4145 550 4199 in
572 4143 665 4199 multis
688 4143 787 4198 divinis
800 4143 913 4212 pollens,
927 4159 972 4198 ac·
1021 4141 1110 4197 amatis
1122 4156 1178 4195 suar
1193 4139 1237 4194 ti.

183 4220 252 4291 cepit
271 4219 353 4273 liliam
372 4215 523 4272 Ηιιιτιιιιιι
542 4213 613 4284 repis
634 4213 799 4268 Francorum
821 4213 855 4267 ad
879 4212 972 4281 coniu-
1056 4211 1090 4266 Et
1103 4211 1220 4279 suscepit
1235 4209 1405 4265 lituoovieus
1417 4207 1488 4264 lilius
1500 4207 1558 4278 ejus
1569 4208 1664 4264 eodem
1675 4223 1747 4264 anuo
1762 4210 1812 4266 iui-

182 4304 253 4359 gem,
275 4288 383 4343 nomine
403 4286 541 4347 Biicniir,
559 4293 587 4339 et
606 4283 700 4338 habuit
717 4298 751 4338 er
771 4298 803 4337 ea
828 4282 898 4338 ilios
915 4292 971 4339 tres
1021 4282 1136 4351 perium,
1148 4281 1195 4352 qui
1209 4280 1331 4350 regnavit
1344 4293 1430 4334 auiios
1443 4277 1487 4346 aa,
1502 4280 1529 4335 ld
1543 4286 1594 4343 est,
1614 4278 1745 4346 usquead
1763 4296 1813 4335 aii-

182 4367 210 4414 et
224 4357 306 4413 liliam
316 4372 398 4411 uriam
412 4374 418 4408 ι
431 4353 625 4425 primogenitus
637 4353 721 4425 ipsius
730 4352 875 4407 hircinus
885 4354 970 4408 nomi·
1021 4367 1085 4406 uum
1099 4349 1293 4406 iucarnationis
1313 4348 1418 4404 Douiiui
1439 4350 1524 4404 nostri
1544 4347 1609 4403 lcsu
1622 4347 1723 4403 Christi
1746 4348 1810 4404 atti.

182 4438 261 4484 natus
273 4436 329 4492 est;
343 4424 635 4488 manumissione
650 4422 746 4477 tertius
756 4422 927 4487 hinnsmcus3
941 4433 969 4477 ct
983 4426 1008 4487 υ
1021 4419 1142 4476 Decessit
1158 4427 1249 4475 autem
1264 4435 1303 4474 xii
1318 4417 1377 4474 ltat.
1392 4416 1448 4473 lut.
1470 4418 1498 4474 iu
1513 4418 1600 4474 insola
1614 4417 1711 4484 libeni,
1729 4416 1808 4488 juxta

181 4497 236 4552 itta
251 4497 336 4567 ipsius
350 4496 485 4551 Tinsicii.
500 4493 634 4549 Fenioius
647 4492 754 4563 quidem
773 4492 914 4562 episcopus
927 4493 967 4548 ei-
1020 4490 1150 4560 palatium
1162 4490 1191 4544 in
1204 4489 1384 4614 lulqiliuhcim.
1440 4558 1446 4570 ·

182 4567 269 4622 lectus
279 4575 328 4630 cst,
341 4567 368 4620 in
379 4565 476 4622 Ucesiu
491 4562 601 4621 civitate
612 4563 743 4633 martyrio
755 4574 902 4617 coronatus
914 4570 965 4626 est,
1056 4559 1211 4629 Postquam
1250 4574 1395 4615 senoricus
1409 4556 1519 4615 hlioset
1539 4559 1693 4628 aequivocus
1710 4558 1769 4630 cius
1783 4561 1810 4615 iii

181 4637 271 4704 ibique
283 4636 428 4706 requiescit
440 4636 466 4690 in
480 4649 558 4705 pace.
574 4630 728 4688 Mussitans
741 4647 805 4688 vero
818 4632 846 4687 iu
860 4631 968 4687 Haiisio
1020 4629 1146 4686 orientali
1161 4629 1275 4685 Francia
1286 4633 1405 4700 suscepit
1421 4629 1562 4698 imperium
1576 4647 1583 4683 ι
1597 4630 1727 4699 quianon
1742 4645 1810 4694 orai-

180 4705 321 4785 episeopus
338 4714 379 4761 est
390 4705 539 4768 ordinatus,
554 4703 644 4774 ibique
657 4702 797 4758 consessor
810 4700 912 4757 Christi
927 4715 969 4755 ie·
1019 4707 1106 4762 sente,
1123 4699 1214 4765 idest,
1230 4699 1425 4755 incarnationis
1439 4697 1545 4755 Domini
1558 4701 1645 4756 uostri
1656 4698 1721 4757 Jesu
1732 4699 1804 4758 Chri·

180 4772 296 4843 quiescit
318 4774 345 4830 in
366 4789 442 4844 pace,
466 4774 511 4829 iibi
527 4774 598 4829 Deus
617 4787 667 4844 pro
686 4772 745 4841 ejus
761 4772 867 4828 meritis
883 4770 968 4825 multa
1021 4769 1056 4825 sti
1070 4768 1281 4836 catalaunos
1295 4784 1409 4841 regnare
1423 4769 1537 4825 videtur.

403 4991 722 5107 ANNALES
762 4988 1086 5108 VETERES
1128 4986 1581 5103 FRANCORUM.

754 5165 800 5228 (Et
814 5166 929 5226 hatten,
942 5161 1059 5214 Collectto
1070 5160 1239 5226 amplissima.)

897 5298 1048 5312 β

772 5354 1028 5418 obscurano
1049 5352 1222 5414 ruAEt'lh.

906 5484 1081 5500 μ

211 5547 284 5619 Qiios
297 5546 342 5603 hic
355 5547 476 5603 sistimus
490 5556 595 5601 veteres
609 5545 722 5601 annales
735 5545 903 5602 Francorum
917 5547 998 5603 uobis
1012 5545 1135 5600 exhibuit
1147 5544 1230 5600 codex
1250 5545 1376 5614 antiquus
1390 5545 1454 5600 olim
1467 5547 1622 5602 monasterii
1641 5547 1803 5620 lliupullcn·

176 5617 225 5687 tiis,
237 5619 333 5674 deiude
347 5617 477 5689 Stephani
500 5615 611 5682 Baluzii,
626 5631 642 5670 a
656 5633 709 5686 quo
726 5617 827 5686 regiam
842 5616 870 5672 iu
887 5617 1078 5675 bibliothecam
1094 5615 1210 5670 transiit.
1224 5615 1323 5670 Eorum
1339 5623 1433 5671 auctor
1446 5630 1596 5673 auoiivuius
1610 5617 1698 5675 Caroli
1716 5618 1803 5689 blaqui
