4050 6192
149 212 216 273 1345

500 209 589 264 lllllll
608 206 780 265 CdllOLle.
800 237 835 247 -
854 207 998 263 ,tentata
1020 240 1054 249 *-
1073 210 1281 270 contentus
1299 212 1409 271 tants.

1712 219 1782 276 lb-ld

146 322 334 387 adunandam,
348 335 429 390 quarn
454 320 567 374 Durniuo
582 319 637 372 llco
656 319 798 373 ordinante
826 318 938 388 regitis,
954 327 975 380 Α
992 322 1235 391 nriunrqneinfclici
1242 325 1389 381 conditioni
1398 328 1526 396 prostrati
1535 345 1588 384 non
1595 335 1782 401 succumbitis,

147 394 305 457 Ecclesiam,
321 391 464 447 consilinm
475 391 552 444 robis
564 405 615 442 nun
630 398 721 443 nostra
735 388 938 453 adinventione,

146 464 195 523 sed
210 464 302 520 (lirina
325 461 487 516 auctoritate
501 460 566 513 illud
594 457 659 512 dare
683 459 869 513 debuissemus
891 474 940 527 per·

147 535 219 605 quod
233 533 327 589 eadem
342 539 434 585 sancta
448 539 536 585 mater
551 528 671 584 Ecclesia
686 528 722 582 ita
733 528 784 583 sibi
797 537 890 581 mutno
912 530 939 582 in

148 621 212 661 rera
226 619 292 675 paee
308 601 433 658 foedernri
446 600 597 663 debuisset,
611 598 728 668 qualiter
741 606 769 652 et
782 597 808 651 in
825 599 876 653 boc
890 615 940 653 ιιι-

146 676 217 738 culo,
232 684 259 729 et
271 676 298 728 in
310 670 436 726 lotbroci
451 671 558 740 placere
570 669 643 738 potui
659 677 710 732 set,
724 668 940 737 quiascerrsntus

149 745 183 801 de
203 745 303 799 mundo
317 742 374 798 suis
386 741 511 811 promisit
523 739 617 793 dicens
628 754 635 791 :
647 739 741 792 f’aceur
756 754 839 790 areum
853 737 886 793 do
901 755 941 792 ro

148 817 197 879 bis,
210 831 300 885 putent
319 812 436 881 relinquo
462 810 531 864 eolis
555 809 645 879 (forn.
661 810 728 877 ιιι).
740 808 779 866 tlt
796 807 859 877 qnia
873 817 941 862 atte-

148 894 238 940 stante
257 883 341 937 l‘anlo
356 883 427 935 inter
439 891 535 935 caetera
549 895 642 932 rerum
659 887 717 942 est,
732 878 762 932 st
780 879 838 947 quis
855 879 940 931 tradi-

148 955 215 1009 derit
227 971 320 1024 corpus
339 968 415 1006 suum
435 961 461 1004 ut
481 948 593 1012 ardent,
614 949 767 1002 edacitatem
787 958 874 1001 nutent
889 964 941 1001 rron

148 1024 285 1086 babuerit,
299 1021 364 1078 nibil
378 1030 415 1075 est
428 1019 454 1090 (f
470 1020 531 1075 Cor.
544 1021 615 1089 ιιιι).
632 1018 694 1073 ideo
706 1017 862 1088 praedictam
876 1033 940 1071 san·

149 1103 222 1148 ctam
239 1094 286 1148 Dei
300 1091 448 1146 Ecclesiam
462 1091 488 1144 in
500 1105 570 1144 ιιιιι
589 1088 664 1158 pacis
688 1087 860 1143 concordiam
876 1089 942 1141 arlu-

150 1166 208 1219 nari
224 1164 288 1217 totis
301 1163 404 1216 viribus
419 1159 559 1230 optamus,
576 1160 638 1227 quia
654 1157 789 1227 quomodo
813 1158 871 1212 sine
897 1157 941 1210 ilfa

149 1234 309 1289 charitatem
325 1238 445 1286 mutuam
472 1230 572 1284 babere
588 1229 689 1297 possit,
706 1228 779 1282 nullo
803 1229 883 1283 morlo
898 1229 940 1281 in-

150 1304 306 1374 telligimus.
324 1302 416 1356 Potest
428 1300 588 1365 eninrlieri,
609 1307 638 1352 nt
658 1299 756 1368 aliquis
777 1313 838 1352 cnm
856 1298 942 1351 altero

150 1381 272 1443 exparte
286 1373 327 1426 rel
341 1373 431 1426 betam
443 1385 537 1440 pacem
552 1369 737 1438 temporaliter
750 1369 856 1431 babeat,
874 1384 941 1437 quo-

150 1445 232 1499 modo
245 1452 334 1498 autern
349 1444 479 1496 sinerem
494 1447 586 1494 mutua
597 1454 662 1508 pace
676 1440 767 1493 babila
781 1453 843 1493 curu
857 1439 942 1492 altero

150 1528 243 1569 reram
294 1512 342 1567 ssit
353 1513 454 1567 babere
469 1511 640 1572 charitatem,
660 1509 732 1563 unlla
753 1511 831 1563 docet
847 1516 941 1563 aneto·

152 1586 229 1638 ritas.
272 1583 324 1638 nde
349 1595 512 1652 magnopere
537 1581 826 1642 considerandnmest,
842 1587 941 1647 quanta

153 1653 323 1716 temeritate,
341 1659 475 1722 quantave
488 1651 601 1704 andacia
621 1651 655 1706 ad
671 1658 800 1704 aternam
821 1649 866 1703 ille
881 1664 942 1718 per·
959 1673 980 1731 Β

154 1723 247 1779 ιιιιιι
268 1737 297 1777 ιι
319 1737 396 1793 posse
424 1721 577 1786 existimat,
604 1719 650 1790 qui
675 1728 834 1788 praesentem
848 1719 875 1773 in
891 1721 942 1773 boc

152 1792 251 1848 scocula
270 1807 364 1864 pacem
392 1791 498 1846 Domini
520 1805 570 1859 per
599 1791 746 1859 quamlibet
772 1790 941 1844 occasionn

153 1866 266 1919 scissam
280 1870 433 1915 restaurare
454 1876 515 1915 cum
533 1861 656 1929 proximo
670 1875 722 1913 non
746 1868 832 1924 curat,
862 1874 942 1928 quarn

153 1933 271 2004 primum
304 1947 401 1986 munus
430 1931 548 1985 humano
573 1931 665 2000 generi
698 1929 824 1984 collatum
854 1928 942 1999 angeli

154 2003 280 2058 nuntiant
292 2019 355 2056 mox
375 2009 439 2055 nato
453 2001 567 2055 Domino
590 2001 617 2054 in
636 1999 746 2064 mundo,
766 2000 944 2068 eamdemque

155 2073 311 2142 nouissime,
322 2072 446 2130 fidelibus
467 2071 523 2125 suis
547 2071 574 2124 in
589 2071 647 2125 rice
665 2086 712 2124 sna
727 2070 796 2124 idom
814 2070 944 2124 Dominus

155 2143 263 2212 reliquit
276 2143 445 2197 discessurus
458 2142 490 2196 de
508 2141 618 2195 mundo.
634 2141 668 2194 Et
680 2155 834 2209 quanquam
859 2139 943 2193 multa

153 2220 181 2267 et
190 2227 258 2282 pene
270 2211 475 2267 innumerabilia
491 2218 664 2279 essentque
681 2213 714 2265 de
728 2218 802 2263 tanta
818 2224 847 2262 re
858 2209 944 2262 subti-

154 2282 226 2346 liter,
242 2283 403 2346 sublimiter,
418 2290 444 2335 et
456 2281 537 2334 nimis
548 2281 705 2336 terribiliter
716 2281 769 2335 dici
783 2279 942 2350 potuissent,

154 2353 304 2408 carendum
319 2361 361 2406 ιιι
379 2351 542 2419 unicuique,
570 2366 604 2405 ne
620 2351 671 2406 boe
695 2351 837 2419 qnisquam
853 2349 887 2404 de
900 2350 944 2402 illa

155 2421 324 2480 solummodo
341 2437 407 2492 pace
430 2419 632 2490 intelligendum
645 2429 731 2491 putet,
748 2435 808 2488 quaa
831 2419 946 2473 babetur

155 2494 182 2547 in
196 2492 282 2548 coelis.
312 2491 380 2559 Quia
408 2499 435 2545 et
453 2491 582 2545 Dominus
607 2493 735 2546 recedens
751 2491 819 2544 ait:
848 2489 945 2542 Pacem

155 2579 239 2617 ruram
255 2561 454 2632 relinqueretis
472 2559 564 2630 (loon.
579 2561 647 2630 ιιι).
664 2561 696 2615 Ει
722 2559 809 2630 angeli
826 2560 946 2628 praeunt-

156 2642 245 2688 tentes
262 2630 375 2686 :Glorirr
401 2632 428 2684 in
451 2629 559 2684 excelsis
576 2629 650 2694 Deo,
670 2647 732 2684 rrrotr
752 2645 804 2683 non
828 2634 856 2682 in
874 2629 946 2682 roefr‘s

155 2701 335 2773 subjungunt,
356 2700 401 2754 sed
416 2701 442 2755 in
453 2710 524 2754 terro
537 2715 591 2771 pos
603 2700 751 2754 frontiaidus
767 2699 841 2753 boner
856 2697 946 2752 colun-

154 2773 217 2826 totis
230 2771 306 2844 (boc.
316 2771 357 2842 rr).
372 2770 467 2840 Cogita
480 2770 562 2837 igitur
571 2779 669 2832 tecuru,
681 2787 697 2822 o
707 2769 782 2892 plebs
795 2779 822 2822 et
832 2768 946 2837 populus

155 2841 213 2907 Dei,
226 2843 249 2897 si
261 2841 294 2897 ad
303 2853 461 2911 perpetuam
471 2840 512 2893 ιιι
524 2840 665 2909 pertenire
679 2855 707 2893 sa
720 2849 803 2901 utem,
816 2847 846 2891 nt
858 2839 883 2890 in
896 2839 947 2892 boc

155 2913 253 2967 saeculo
264 2927 318 2966 non
327 2911 428 2975 fretam,
437 2910 484 2965 sed
494 2925 584 2964 reram
592 2911 693 2964 babere
706 2920 826 2964 mutuam
839 2911 947 2963 studea·

155 2996 333 3055 muspacem.

191 3052 245 3109 Sed
260 3054 350 3109 minus
364 3052 480 3108 fortasse
496 3051 624 3120 prodesse
637 3048 744 3121 poterit,
760 3047 826 3102 libet
848 3049 946 3102 merito

156 3133 230 3180 tauta
243 3122 358 3192 talisque
382 3122 529 3178 auctoritas
546 3135 626 3176 causa
638 3119 744 3175 consilii
760 3117 883 3174 sufficere
898 3120 947 3172 de·

155 3196 269 3255 buisset,
286 3207 396 3247 neccsse
411 3194 477 3256 erit,
497 3199 526 3245 ut
545 3192 608 3246 lruie
622 3190 765 3246 assertioni
783 3197 881 3244 caetcra
897 3189 946 3242 ad-

151 3263 309 3333 jungantur,
329 3278 389 3330 qnae
413 3276 583 3341 nequaquam
598 3259 672 3328 juste
686 3261 866 3328 adderentur,
888 3260 946 3312 sia

156 3335 211 3387 beo
225 3330 260 3385 ab
276 3330 353 3384 initio
368 3331 508 3384 catbolrcau
529 3330 590 3383 lirici
612 3331 675 3385 data
701 3331 777 3385 robis
798 3330 946 3399 sapientia,

156 3401 228 3456 sicut
245 3400 376 3469 oportuit,
393 3412 443 3467 pro
456 3397 533 3452 robis
560 3397 675 3453 sollicita
701 3413 760 3451 csse
787 3400 945 3454 studuisict.

156 3470 228 3526 llicit
247 3471 318 3524 euim
333 3468 491 3538 Apostolus,
523 3466 612 3521 dadai
640 3469 715 3536 riguo
737 3476 838 3535 petunt,
862 3467 947 3521 Greci

155 3540 311 3611 ramentum
321 3548 440 3610 querunt
456 3537 481 3609 (f
497 3534 558 3596 Cor,
576 3535 606 3607 r),
624 3538 670 3591 ubi
684 3542 725 3590 est
739 3550 803 3605 ergo
816 3536 948 3605 sapientia

155 3620 256 3673 restra,
275 3611 351 3681 quip
366 3618 445 3678 opter
459 3606 606 3678 quamlibet
621 3606 791 3662 occasionem
811 3605 876 3661 illud
900 3605 949 3658 ba-

156 3681 222 3736 bere
236 3681 420 3742 contomnitis,
439 3679 498 3733 sine
508 3691 562 3759 quo
576 3676 610 3731 ad
625 3691 707 3746 regna
722 3674 841 3730 coelestia
852 3689 948 3743 prae·

157 3751 216 3806 nire
235 3750 308 3804 nullo
321 3751 401 3804 rnodo
416 3748 556 3803 r'alebitrs?
574 3747 608 3800 Et
620 3748 678 3801 burc
691 3763 743 3801 nou
755 3748 893 3814 arguendo
906 3744 948 3798 ιιι

157 3820 342 3888 increpando,
363 3819 410 3873 sed
429 3816 599 3873 admonendo
622 3818 730 3871 interim
756 3815 891 3878 dicimus,
919 3823 949 3868 ut

158 3905 206 3946 ros
218 3890 252 3944 ad
272 3889 429 3945 interiorem
445 3887 581 3942 bominem
596 3894 728 3950 restrum,
754 3884 781 3938 in
809 3901 862 3954 quo
877 3885 948 3939 Deus

157 3974 207 4030 per
221 3960 311 4022 fldem,
326 3973 411 4029 spem,
424 3966 452 4013 et
464 3957 625 4012 charitatem
638 3956 789 4011 inhabitare
798 3955 945 4019 consuerit,

157 4044 325 4085 revocemus·
337 4031 422 4095 Quem
437 4028 460 4083 si
471 4028 509 4081 ita
521 4028 679 4092 secundnm,
695 4034 725 4080 ιιι
743 4041 824 4095 supra
846 4027 948 4083 dictum

157 4109 210 4165 est,
224 4099 408 4169 sapientiarna
421 4097 559 4154 Deurubis
568 4098 669 4163 datam,
683 4098 812 4167 cogitare,
825 4097 946 4163 diligere,

158 4170 199 4224 rel
212 4178 333 4224 metuere
346 4169 437 4230 vultis,
454 4168 551 4222 mirum
566 4176 623 4232 cst,
636 4166 772 4236 quomodo
785 4183 846 4222 cunr
859 4166 872 4219 f
872 4169 948 4221 ratri·

158 4239 209 4295 bus
220 4240 335 4294 inuicem
349 4246 424 4294 tanto
430 4237 487 4309 jam
500 4247 619 4307 tempore
635 4236 790 4307 scandalum
808 4245 835 4291 ιι
846 4237 949 4291 discor·

991 390 1039 446 sed
1053 393 1216 447 auctoriate
1228 396 1361 450 bonorum
1373 397 1493 451 omniurn
1511 399 1625 456 Domino
1636 402 1692 457 Deo
1703 411 1784 461 tanta

991 462 1128 531 spurcitiae
1145 464 1218 519 celso
1238 465 1265 518 in
1279 466 1420 520 cacumine
1431 470 1633 537 praeeminentis
1646 475 1783 544 corrigere

991 531 1124 596 salernus,
1143 534 1166 587 si
1181 549 1241 605 qnae
1253 535 1380 606 sitbujus
1397 536 1638 614 perditionisorigo
1649 541 1785 601 relfomes

989 601 1142 672 detegendo
1159 606 1317 673 pandamus.

1026 671 1121 727 Nullus
1134 689 1230 743 nempe
1243 691 1307 729 sana
1322 675 1483 745 sapientium
1510 677 1683 750 fideliumque
1693 682 1719 738 in
1731 684 1784 738 llo·

990 742 1066 797 mino
1081 742 1195 797 fratrnnr
1210 755 1360 800 nestrorum
1386 747 1510 802 dubitare
1523 750 1698 820 permittitur,
1724 769 1785 809 essu

990 812 1082 894 plures
1095 812 1122 866 in
1136 815 1186 869 bae
1201 823 1292 871 saneta
1305 823 1333 869 et
1350 816 1435 871 abeo
1446 822 1630 876 consecranda
1653 823 1784 889 Ecclesia,

991 896 1038 950 qur
1054 889 1133 938 tante
1150 885 1267 940 miseria
1284 888 1461 941 succumbere
1472 889 1657 959 dedignentur,
1673 893 1785 950 liceteis

992 967 1089 1007 manns
1102 953 1219 1010 bumana
1236 955 1360 1020 ualidior,
1370 971 1404 1009 ne
1417 957 1453 1020 id,
1477 963 1548 1027 qnod
1562 961 1660 1017 exinde
1679 962 1784 1033 justum

991 1035 1115 1077 essenon
1130 1023 1262 1089 dubitant,
1278 1034 1431 1082 restaurare
1449 1029 1491 1083 rel
1513 1030 1644 1098 perfluere
1666 1034 1783 1099 valeant,

991 1092 1116 1147 obsistat.
1152 1093 1333 1161 Quamobrem
1353 1096 1505 1155 amabiliter
1522 1102 1693 1157 ammonendi
1706 1105 1783 1168 estis,

992 1170 1023 1215 ut
1037 1162 1101 1217 totis
1112 1163 1215 1221 viribus
1227 1165 1438 1233 omnipotentem
1448 1169 1590 1223 Dominum
1602 1187 1715 1228 exorare
1727 1183 1785 1228 stu·

992 1232 1088 1298 neatis,
1104 1242 1134 1287 ut
1148 1243 1251 1289 tantam
1259 1235 1294 1290 ab
1305 1235 1356 1291 boe
1368 1252 1451 1308 reguo
1463 1238 1646 1295 infelicitatem
1660 1257 1787 1298 amovere

988 1300 1093 1369 jubeat,
1108 1303 1227 1386 stillam,
1242 1320 1323 1375 quarn
1334 1310 1450 1363 mundns
1473 1310 1538 1365 dare
1552 1326 1605 1366 nou
1618 1321 1718 1382 potest,
1738 1330 1784 1384 pa·

992 1387 1050 1426 cem
1077 1388 1124 1427 sua
1135 1375 1211 1429 robis
1226 1377 1356 1429 immensa
1371 1377 1514 1433 clementia
1531 1386 1672 1437 concedat.

1028 1442 1062 1496 Et
1074 1444 1136 1512 qnia
1148 1452 1231 1499 tantae
1242 1447 1412 1501 auctoritatis
1425 1450 1502 1508 ordo.
1513 1451 1555 1504 rel
1568 1459 1650 1507 tantae
1661 1451 1786 1507 sublimi-

993 1514 1058 1568 tatis
1074 1516 1143 1568 ratio
1153 1515 1266 1570 neudum
1275 1518 1411 1585 poscebat,
1426 1528 1455 1572 ut
1466 1519 1623 1590 prinsquam
1633 1522 1785 1586 ilfaonrnia,

993 1597 1053 1705 qua
1068 1585 1165 1638 merito
1184 1586 1372 1665 praemittenda
1394 1598 1480 1650 erant,
1499 1602 1730 1659 praeponerentur,
1758 1600 1788 1645 ιιι

1005 1653 1100 1708 acilius
1112 1669 1207 1722 quorrs
1218 1655 1247 1725 ing
1257 1655 1316 1709 loco
1326 1659 1473 1712 secundnm
1484 1660 1525 1712 sni
1536 1662 1692 1730 qualitatem
1706 1663 1789 1717 babe-

996 1735 1089 1777 rentur
1109 1724 1163 1789 illa,
1184 1726 1282 1793 quibus
1297 1726 1369 1780 solra
1383 1726 1444 1792 fido,
1459 1742 1516 1796 spe,
1531 1730 1573 1784 ιιι
1594 1733 1726 1787 charitate
1744 1741 1786 1785 to-

994 1792 1048 1846 tius
1061 1792 1188 1849 Ecclesia
1199 1801 1285 1850 status
1299 1812 1393 1852 carere
1408 1799 1548 1869 potuisset,
1574 1811 1684 1872 proptor
1707 1801 1787 1856 satis·

994 1861 1138 1942 factionem
1152 1873 1242 1919 tamen
1263 1866 1289 1919 in
1304 1868 1355 1921 lroc
1368 1882 1449 1937 opere
1461 1867 1639 1925 laborantium
1653 1871 1789 1942 principa-

994 1931 1027 1986 ιιι
1042 1932 1122 2001 bojas
1135 1936 1285 2004 saepedic-'ae
1298 1937 1439 1993 discordiae
1462 1949 1570 2006 rostrae,
1593 1953 1674 1997 causa
1694 1941 1789 2009 imagi-

994 2017 1058 2057 num
1079 2005 1216 2060 exstitisse
1247 2007 1372 2061 traditur.
1418 2006 1543 2076 Ejusdem
1570 2026 1678 2082 qnoque
1700 2025 1788 2064 causae

993 2074 1070 2143 origo
1092 2074 1118 2129 in
1132 2089 1165 2130 eo
1176 2076 1321 2146 contigisse
1343 2077 1440 2142 fertur,
1469 2079 1540 2146 quod
1553 2079 1701 2149 imperaror
1723 2096 1787 2134 oon-

994 2142 1117 2198 siderans
1134 2146 1263 2214 quosdam
1277 2147 1303 2200 iu
1314 2148 1408 2201 eadem
1421 2146 1499 2217 plebe
1512 2149 1657 2204 indiscreto
1677 2150 1734 2204 zelo
1748 2152 1789 2205 in·

994 2211 1146 2269 flammatos
1160 2215 1324 2296 ultraquam
1339 2217 1514 2288 oportuisset,
1529 2219 1569 2272 rel
1586 2221 1789 2289 nuqnarnprins

995 2292 1084 2337 actum
1097 2293 1178 2350 esset,
1201 2286 1227 2339 ιιι
1249 2287 1393 2354 rmaginum
1419 2287 1535 2352 cultura,
1558 2290 1731 2344 veneratione
1744 2289 1788 2342 rel

995 2352 1154 2434 adoratione
1166 2355 1236 2409 ultra
1252 2356 1425 2425 progredere,
1441 2373 1523 2426 qnam
1533 2366 1562 2413 ut
1576 2368 1656 2413 antca
1670 2375 1789 2429 unquam

996 2437 1023 2475 ιιι
1044 2423 1169 2479 universa
1179 2425 1299 2481 Ecclesia
1311 2425 1412 2481 factum
1426 2434 1507 2490 essct,
1521 2429 1616 2484 rolens
1627 2426 1790 2484 ut'tnncsibi

995 2507 1057 2546 cnm
1070 2493 1131 2557 illis,
1158 2496 1205 2565 qni
1224 2496 1249 2549 ci
1272 2494 1410 2561 favebant,
1430 2499 1552 2553 eamdem
1568 2500 1789 2568 superstitionem

995 2563 1189 2634 qualiscunque
1203 2574 1284 2632 esset,
1311 2568 1345 2621 ab
1370 2567 1489 2621 Ecclesia
1508 2569 1616 2638 penitus
1638 2576 1787 2632 amoveret,

995 2635 1146 2702 postposita
1157 2637 1209 2690 bac
1219 2636 1246 2691 in
1259 2651 1288 2690 re
1299 2637 1401 2692 salubri
1416 2637 1579 2694 discretione
1593 2639 1651 2694 sine
1667 2654 1719 2707 qua
1734 2654 1791 2694 orn·

996 2703 1040 2758 nis
1052 2704 1177 2760 burnanae
1195 2706 1309 2761 actionis
1321 2706 1407 2763 uirtus
1423 2707 1449 2761 in
1463 2708 1557 2762 ritiunr
1573 2712 1697 2773 vertitur,
1710 2708 1792 2778 clegit

996 2775 1163 2841 premissam
1171 2776 1390 2846 superstitionem
1401 2777 1480 2831 aliter
1490 2778 1628 2833 emendari
1636 2795 1689 2834 non
1698 2793 1789 2860 posse,

997 2843 1049 2898 nisi
1061 2858 1156 2899 omnes
1169 2846 1301 2916 imagines
1311 2846 1417 2915 penitus
1431 2847 1595 2903 delerentur.
1627 2848 1708 2917 lltqur
1720 2849 1743 2903 si
1755 2850 1792 2902 ita

997 2922 1066 2976 erat,
1085 2922 1115 2967 nt
1129 2915 1230 2969 dictum
1251 2925 1302 2979 cst,
1326 2916 1449 2972 illicitum
1465 2918 1566 2972 cnlunn
1577 2920 1605 2973 in
1622 2918 1789 2980 bominibus,

999 2983 1040 3035 ιιι
1053 2984 1088 3038 ab
1101 2985 1256 3041 bominibus
1271 2986 1498 3056 compescendum
1511 2996 1579 3051 erat,
1592 3004 1646 3042 non
1658 2988 1684 3041 in
1697 2988 1793 3058 imagi-

998 3068 1063 3107 num
1080 3054 1272 3121 destructione,
1297 3071 1357 3125 quae
1375 3056 1441 3111 nibil
1466 3066 1662 3126 peccaverunt3
1689 3058 1743 3111 imo
1757 3073 1790 3112 eo

997 3139 1089 3190 sensu,
1111 3140 1164 3193 quo
1174 3140 1254 3194 supra
1269 3127 1437 3197 praemissum
1451 3134 1501 3192 est,
1526 3127 1673 3183 scientibus
1686 3127 1791 3197 propia

997 3194 1137 3258 memoria,
1153 3196 1337 3251 nescientibus
1346 3211 1411 3251 vero
1422 3211 1472 3266 pro
1483 3198 1606 3252 doctrina
1619 3197 1702 3252 utiles
1714 3205 1793 3252 erant

997 3262 1174 3336 infrangendo
1188 3263 1392 3390 1pinfringcndo]
1412 3267 1454 3321 rel
1479 3266 1634 3336 dissipando
1652 3267 1792 3322 sinistram

997 3336 1118 3390 extendit
1128 3350 1177 3405 pro
1206 3343 1308 3390 extera.
1321 3336 1355 3392 tn
1366 3338 1411 3406 qui
1428 3338 1464 3390 ita
1477 3340 1529 3394 bac
1541 3337 1568 3391 in
1578 3338 1739 3392 reincautos
1749 3352 1794 3391 ιι-

996 3403 1097 3458 ducere
1123 3406 1226 3470 debuit,
1246 3407 1317 3460 sicnt
1337 3406 1417 3470 forte,
1434 3407 1496 3474 tpria
1512 3421 1608 3461 recens
1626 3416 1686 3461 erat
1698 3421 1790 3469 causa,

996 3472 1124 3527 facillime
1134 3475 1231 3544 potuit,
1245 3475 1391 3545 instigante
1405 3476 1532 3544 quinunc
1545 3476 1600 3531 late
1610 3482 1693 3545 patet,
1707 3476 1793 3530 ecclc·

997 3542 1113 3596 siastieoe
1122 3544 1198 3612 pacis
1207 3544 1248 3597 ιιι
1261 3545 1403 3599 eltanitatis
1413 3544 1534 3599 inimico.

1033 3611 1110 3668 lianc
1123 3613 1148 3667 ei
1159 3627 1192 3668 ac
1201 3613 1224 3666 si
1236 3611 1311 3685 [etsi]
1325 3613 1567 3668 luculentissimam
1577 3614 1698 3669 ostendit
1710 3615 1793 3671 semi-

997 3688 1063 3746 tam,
1083 3682 1136 3736 ben
1152 3696 1233 3752 quarn
1245 3682 1323 3752 longe
1338 3684 1372 3736 ab
1383 3683 1428 3737 illa
1445 3683 1563 3738 sinistris
1576 3683 1742 3740 anfractibus
1753 3686 1793 3741 in·

997 3752 1147 3817 cedentem,
1161 3766 1222 3820 quae
1232 3752 1416 3820 descroetlpso
1424 3754 1474 3808 ait:
1489 3753 1610 3824 Egeram
1622 3753 1674 3818 rio,
1686 3755 1790 3822 ceritas,

997 3830 1021 3878 et
1036 3821 1086 3874 rito
1102 3820 1192 3888 (loon.
1208 3821 1276 3891 ιιι),
1294 3823 1359 3892 quid
1369 3831 1447 3904 putas
1458 3839 1539 3891 quam
1551 3822 1641 3877 dulcia
1654 3838 1791 3906 quamque

997 3891 1208 3960 religiosissima,
1226 3892 1280 3946 imo
1291 3893 1460 3947 sauotrssima
1479 3892 1619 3963 satagebat
1632 3891 1734 3962 lingere
1747 3895 1792 3948 ιιι-

996 3975 1084 4026 nura,
1107 3969 1136 4015 ut
1163 3975 1212 4030 per
1231 3960 1277 4015 illa
1291 3962 1399 4029 adbaec,
1414 3977 1475 4032 qum
1498 3977 1570 4017 nune
1584 3963 1792 4036 omnesplangi-

997 4047 1069 4095 nrus,
1094 4032 1253 4101 pertrahere
1276 4032 1408 4102 potuisset
1434 4032 1562 4088 dissidial
1599 4033 1652 4088 Sed
1675 4048 1724 4088 nee
1738 4035 1789 4090 boe

997 4101 1144 4156 ullomodo
1156 4101 1236 4157 aliter
1253 4103 1404 4157 estimatur
1428 4117 1559 4173 peragere
1580 4103 1712 4173 potuisse,
1738 4104 1792 4159 nisi

998 4171 1072 4227 illum
1086 4171 1162 4241 prins
1183 4187 1245 4226 cum
1262 4174 1423 4242 sequacibus
1441 4175 1498 4229 suis
1523 4172 1595 4228 illius
1621 4174 1712 4242 impie
1730 4175 1792 4230 dul-

997 4240 1101 4297 cedinis
1125 4240 1302 4297 demulcendo
1317 4258 1365 4297 our
1390 4250 1522 4313 tangeret,
1549 4242 1628 4311 cujus
1651 4242 1722 4299 idern
1736 4244 1793 4300 dia·

157 4309 230 4364 diam
242 4311 342 4364 babere
358 4324 411 4363 non
424 4308 554 4364 metuitis.
566 4307 636 4363 Ecce
650 4307 767 4370 etenim,
782 4308 805 4362 si
820 4321 873 4361 uon
889 4321 945 4360 aar·
996 4311 1075 4366 bolus
1087 4310 1215 4382 pestilem
1230 4311 1284 4367 telo
1302 4312 1465 4382 per-foratus,
1481 4314 1514 4370 de
1526 4312 1595 4369 coelo
1608 4314 1706 4369 merito
1717 4315 1791 4369 ecci-

158 4379 242 4448 plius,
260 4378 317 4448 jam
342 4394 428 4434 annus
446 4388 503 4444 est,
517 4393 550 4433 cx
568 4392 621 4447 quo
642 4377 712 4432 barre
738 4375 808 4431 iuter
832 4392 879 4431 ros
892 4378 945 4430 rni-
961 4359 1090 4436 ὓιιιιιιι.

158 4450 300 4504 serrimam
311 4449 505 4504 dissensionem
523 4448 667 4517 pullulasse
681 4446 843 4502 audirimus.
860 4447 946 4513 Quam

157 4517 282 4575 videlicet
304 4520 467 4574 discordiam
486 4519 542 4573 beo
560 4519 609 4591 (nt
631 4517 741 4589 dignum
760 4516 819 4590 est)
841 4532 946 4586 semper

157 4589 283 4644 odibilem
297 4628 305 4653 ,
324 4588 432 4644 diabulo
449 4605 531 4652 reru,
553 4598 583 4643 ut
607 4589 632 4644 ei
645 4590 737 4648 decet,
751 4602 858 4658 semper
870 4603 946 4641 arna-

157 4657 256 4722 bilem,
277 4674 372 4713 omnes
390 4667 576 4715 antecessores
594 4659 647 4714 mei
677 4661 712 4713 ad
735 4658 945 4726 corrigendum,

156 4735 237 4796 prout
248 4727 289 4782 eis
303 4728 431 4796 possibile
444 4728 509 4794 fuit,
523 4730 636 4783 multum
652 4730 789 4784 laborasse
803 4744 857 4783 nun
870 4729 946 4798 igno·

159 4803 244 4850 ratur.

193 4865 256 4921 llaec
270 4865 296 4920 in
310 4867 405 4936 paneis
426 4869 459 4922 ad
477 4868 619 4923 excitanda
643 4868 697 4923 lieo
715 4868 840 4922 amabilia
864 4868 946 4922 corda

158 4942 250 4990 restra
264 4935 325 4990 ideo
340 4937 504 5004 praemittere
516 4939 680 5003 curarimus,
699 4947 729 4992 ut
742 4953 783 5000 ea,
800 4953 859 5006 qnae
871 4939 947 4994 robis

157 5006 305 5061 studiosius
316 5020 367 5074 pro
382 5006 468 5061 salute
480 5009 604 5062 omniurn
618 5008 769 5062 animarum
792 5022 946 5062 nosrarnm

157 5075 270 5131 dicenda
283 5075 462 5145 providimus,
476 5079 611 5133 auctiores
620 5076 723 5147 [Furt.,
736 5077 884 5133 acutiores.
895 5077 948 5131 flo-

157 5163 229 5212 ron„
238 5144 386 5218 avidiores]
398 5162 447 5202 ros
459 5149 492 5202 ad
506 5148 670 5203 audiendum
678 5157 706 5202 ct
717 5147 863 5217 peremnia
877 5147 948 5203 solli-

155 5217 226 5272 citos
242 5216 395 5272 influmino
410 5218 594 5283 redderemus.
613 5216 666 5271 Sed
688 5219 758 5272 sicut
784 5234 838 5272 non
859 5217 947 5273 solum

155 5286 549 5352 sacraauctoritatediscimns,
563 5302 656 5342 rerum
669 5303 777 5358 quoqne
792 5298 819 5342 et
831 5289 948 5342 bumana

155 5358 313 5428 quotidiana
339 5358 407 5412 bene
434 5359 630 5414 consuetudine
664 5359 767 5426 agendo
794 5361 946 5425 cernimus,

155 5428 219 5498 qnia
237 5428 319 5482 arbor
331 5425 435 5484 fructus
449 5429 536 5484 malus
551 5427 662 5494 faciens,
678 5426 751 5482 nullo
775 5430 854 5483 modo
873 5430 947 5483 salu-

155 5497 231 5554 brius
244 5496 420 5565 cxstirpatur,
431 5515 512 5623 guam
523 5499 546 5554 si
559 5498 688 5554 radicitus
699 5499 840 5565 evellatur,
852 5500 948 5555 melius

155 5569 334 5650 sepedictam
344 5568 434 5624 discor
454 5571 631 5624 iamvestram
642 5570 827 5651 omnipotente
835 5571 948 5651 Domino

155 5641 304 5707 opitulante
320 5653 374 5693 una
394 5640 552 5709 vobiscum,
573 5641 619 5711 qni
636 5640 699 5696 burc
720 5640 881 5698 miserrimae
904 5657 948 5695 ur-

1033 4450 1086 4507 Scd
1100 4452 1164 4521 qnid
1178 4452 1293 4522 agimus,
1306 4451 1370 4522 qnid
1385 4451 1521 4507 dicimus?
1552 4450 1594 4506 Ad
1607 4453 1791 4522 comparatio·

996 4535 1185 4592 nemeamque
1203 4522 1337 4579 malorum
1350 4522 1481 4588 omnium,
1498 4538 1557 4591 quae
1568 4522 1614 4578 bic
1625 4531 1791 4592 congruente

996 4593 1093 4659 spatio,
1110 4592 1302 4661 quodomniuo
1321 4607 1376 4649 nun
1396 4592 1482 4657 deest,
1502 4607 1554 4647 nou
1566 4593 1653 4648 solnm
1676 4595 1710 4648 de
1730 4593 1790 4649 dia-

996 4661 1069 4726 bolo,
1085 4664 1133 4717 sed
1152 4663 1234 4718 ctiam
1253 4664 1286 4719 de
1300 4663 1360 4733 ipso
1374 4663 1538 4732 imperatore
1549 4677 1610 4718 cum
1636 4661 1790 4721 fautoribus

996 4732 1054 4788 suis
1073 4730 1126 4788 diei
1150 4742 1286 4815 poterant,
1307 4733 1374 4788 nibil
1401 4733 1538 4804 estquod
1562 4733 1588 4788 di
1607 4735 1686 4790 lmus.
1724 4733 1791 4791 Uni·

996 4816 1074 4857 rossa
1094 4802 1211 4873 demque
1228 4804 1308 4869 mala,
1331 4819 1392 4874 quae
1410 4805 1789 4872 exosusqueiuprsesentem

996 4872 1067 4927 diem
1082 4887 1131 4941 per
1146 4873 1299 4943 hujusmodi
1316 4874 1477 4930 discordiam
1488 4873 1516 4930 iu
1540 4874 1617 4928 robis
1635 4881 1789 4943 perpetrata

996 4950 1074 5006 sunt,
1095 4942 1159 4998 binc
1190 4958 1329 5012 sumpsere
1360 4943 1532 5012 principium.
1563 4941 1692 5009 Quamvis
1716 4944 1788 4997 euim

996 5022 1108 5082 propter
1136 5013 1284 5082 singultum
1299 5013 1458 5083 plorationis
1476 5020 1568 5067 tacere
1582 5027 1634 5066 non
1647 5012 1790 5081 permitta-

996 5097 1066 5146 mus,
1082 5083 1144 5139 licet
1156 5089 1267 5152 propter
1279 5081 1462 5137 arctissimum
1476 5082 1607 5151 temporis
1622 5081 1749 5151 spatium,
1763 5088 1790 5136 ιι

996 5161 1109 5221 propter
1124 5151 1325 5208 innormitatem
1339 5152 1496 5207 earumdem
1510 5153 1693 5216 miseriarum,
1706 5161 1737 5205 ut
1750 5150 1790 5206 ln·

997 5223 1123 5292 gentibus
1147 5237 1206 5278 uros
1236 5229 1297 5285 est,
1317 5222 1457 5277 innumera
1474 5221 1509 5276 ad
1532 5221 1675 5278 dicendum
1690 5220 1789 5277 flebilia

996 5293 1176 5356 occumerint,
1210 5292 1287 5347 aucis
1301 5293 1335 5348 ad
1353 5292 1553 5348 inchoationem
1574 5290 1655 5361 lartius
1678 5291 1786 5352 infelici·

996 5362 1062 5416 tatis
1081 5363 1170 5420 redire
1185 5307 1288 5435 ffigere]
1300 5363 1398 5432 placet,
1414 5371 1444 5417 ιιι
1457 5370 1636 5418 contueamur
1653 5361 1789 5418 diabolum

998 5432 1025 5485 in
1036 5432 1116 5501 bajus
1131 5433 1193 5487 vitae
1206 5448 1322 5489 excursu
1336 5434 1364 5488 ιιι
1376 5432 1449 5487 bivio
1463 5439 1597 5500 ιιιιιιιιιι,
1614 5431 1659 5488 nbi
1672 5432 1789 5503 impera-

997 5512 1043 5557 tor
1069 5503 1208 5559 eduobns
1230 5519 1313 5559 unum
1330 5503 1364 5558 ad
1384 5502 1538 5571 eligendum
1566 5502 1788 5561 irnleelinabllitcr

996 5573 1111 5650 cogitur,
1127 5582 1173 5628 ant
1184 5573 1267 5629 cultui
1282 5574 1376 5630 illicito
1390 5573 1505 5628 favendo
1519 5573 1681 5643 imaginibus
1692 5582 1788 5629 contra

994 5643 1266 5711 trrsecclcsiasticum
1290 5645 1424 5703 ‘miricam
1439 5642 1556 5710 flectcre,
1572 5649 1618 5698 aut
1639 5653 1713 5700 certe
1738 5643 1788 5699 bu-
