4050 6192
197 313 246 371 bil
286 314 361 370 cot).
378 310 649 369 utun-ttondit.
669 309 757 372 ETC„
774 309 838 364 Sbtt
858 307 936 362 COD.
957 301 1476 372 canuslnus.-r.ru.-ulssuii
1488 301 1696 359 breuitatis.
1717 306 1738 360 l.
1777 308 1829 360 osa

198 439 373 486 commutatio
387 429 457 485 sacta
473 430 570 492 suerat,
583 428 728 496 paucisque
744 435 804 498 post
815 441 893 481 auurs
913 426 984 494 opu·
996 432 1021 488 Α
1035 425 1179 480 creationis
1193 422 1327 498 pontilicis
1342 441 1358 479 a
1370 423 1501 480 Parrrirrio
1513 427 1674 494 excogitati,
1686 427 1828 485 admodum

198 503 232 557 lia
244 511 301 554 tnta
312 516 374 559 curn
385 500 510 556 Calabria
525 514 653 553 concessa
669 504 755 552 erata
774 497 899 566 pontilice
920 493 983 549 duci
1035 495 1210 550 contrahendi
1229 502 1307 557 sunt;
1320 508 1421 562 sesque
1435 495 1483 557 illi,
1495 510 1563 563 quos
1576 499 1710 553 contraxit
1727 499 1829 555 doctis·

197 571 443 628 Nortlrmannorum
480 568 597 623 lieberto
623 566 775 622 wiscardo.
804 564 893 632 Quare
918 563 983 619 nibil
1036 565 1122 624 simus
1136 563 1305 619 liabillonius
1318 562 1430 635 (Comus.
1445 562 1531 618 Pseu.
1547 566 1575 619 in
1585 564 1651 620 Ord.
1665 566 1829 634 domnii,

199 642 309 704 numm,
320 639 343 694 si
359 638 548 703 Nortbmanni‚
561 637 605 720 qui
622 652 693 709 egre
710 636 826 691 tulerant
837 634 985 706 provinciae
1035 650 1064 766 g.
1075 633 1475 758 llllllalitcrpertractandidlic
1484 635 1582 716 quippe
1592 635 1706 692 uitulum
1719 640 1829 695 adnant

199 712 273 766 illius
285 718 365 780 caput
387 708 509 779 pontiflci
536 724 579 762 eur
601 715 665 762 tunc
693 705 788 762 intensi
803 713 897 770 erant,
922 705 986 760 sub
1058 720 1166 759 antimo
1175 719 1224 774 pro
1236 719 1286 758 aaa
1297 718 1378 773 qnam
1386 718 1463 760 sacra
1475 708 1627 760 nrudrtrone
1636 710 1829 775 praestantiori,

243 792 299 834 tum
311 793 382 844 esse,
393 780 489 849 positis
512 778 593 833 etiarn
607 776 788 832 simultatibus
798 776 885 831 eidcrn
900 774 988 828 iniria·
1037 784 1066 834 nt
1084 791 1121 836 ue
1133 774 1166 829 iis
1177 773 1342 844 temporibus
1353 770 1470 838 llorenti,
1485 789 1546 828 cnm
1559 777 1711 832 necessaria
1724 780 1829 845 critice,

219 858 281 909 ant:
295 848 357 904 etsi
373 849 468 908 iisdem
482 847 572 903 orrruia
586 855 684 902 cetera
703 846 842 902 fiduciario
850 844 911 915 iure
925 859 988 914 pos-
1038 790 1206 902 inffantilibus
1220 845 1282 899 lioet
1297 843 1459 913 tegumentis
1472 844 1609 907 obvoluta,
1624 846 1830 904 exhortabatur.

200 919 358 980 sidentibus,
376 916 534 988 Capuanum
556 918 639 974 etiam
659 916 840 987 principatum
866 914 987 984 ejusdem
1038 914 1073 971 Et
1085 930 1150 971 uero
1163 912 1365 983 incomparabili
1381 912 1453 967 baud
1467 914 1548 969 dubie
1570 916 1693 974 doctriua
1714 919 1832 988 scriptor

201 988 288 1060 gentis
312 987 433 1059 principe
457 988 515 1058 pari
538 985 600 1056 jure
626 986 784 1048 obtinente,
812 985 868 1041 sola
892 985 989 1042 civitas
1039 985 1159 1052 eiusdem
1174 983 1224 1039 :eri
1239 982 1313 1038 card.
1327 982 1458 1037 Bnmnlus
1477 983 1509 1038 de
1534 985 1713 1056 pseudopapae
1733 988 1833 1043 brnrris

200 1073 262 1114 cunr
275 1058 412 1113 territorio
424 1057 576 1128 apostoliea
588 1056 735 1128 sedisjnris
746 1055 829 1111 luisse
840 1056 989 1126 deprehen·
1042 1056 1097 1110 l'lll
1115 1054 1307 1110 mustitruioue
1322 1051 1451 1108 Pansirrio
1476 1057 1665 1122 acceptissima
1679 1069 1735 1126 tan.
1764 1060 1831 1122 ill,

201 1130 284 1184 ditur.
1040 1142 1068 1180 rr.
1082 1124 1125 1195 l5l
1139 1124 1220 1178 uerba
1235 1122 1345 1185 iaciens,
1362 1140 1371 1173 ι
1390 1121 1454 1188 Nos,
1470 1123 1567 1192 iuquit,
1583 1133 1611 1179 et
1638 1127 1707 1182 boue
1721 1136 1832 1184 couten-

135 1197 144 1212 '
237 1197 328 1253 Xl'lli.
344 1195 414 1265 Quin
433 1196 514 1252 etlam
529 1211 581 1252 una
598 1196 625 1253 in
645 1195 696 1250 ista
713 1194 823 1251 civitate
840 1195 991 1264 proprieta—
1041 1193 1834 1265 dimus182esseimpostrrram.eteoruruentitiumesse

202 1268 239 1322 tis
262 1266 445 1323 {loutariorum
466 1267 623 1336 pontilicnm
635 1267 701 1321 satis
721 1266 824 1320 modica
839 1265 938 1334 regalia
957 1263 991 1318 ad
1042 1266 1179 1319 decretum
1193 1264 1276 1333 priori
1302 1262 1389 1317 simile
1414 1261 1526 1329 llletitite
1541 1263 1592 1335 legi
1617 1266 1697 1335 regiae
1713 1268 1834 1323 Adriano

200 1338 311 1392 eosdem
324 1338 526 1407 perveniebant,
546 1345 575 1390 ut
589 1344 695 1390 constat
708 1351 742 1389 ex
766 1342 941 1389 monumento
957 1333 992 1387 ad
1042 1334 1217 1403 supportem:
1233 1332 1333 1388 etenim
1350 1340 1452 1394 totum,
1472 1331 1544 1402 quod
1566 1337 1714 1400 asseritur,
1737 1336 1835 1392 salsum

203 1411 262 1462 inne
283 1417 404 1476 tempora
423 1415 571 1476 spectante,
626 1406 661 1461 od
683 1406 710 1459 in
736 1406 828 1460 codiee
848 1404 992 1459 Albirriarro
1043 1418 1104 1460 esse
1129 1410 1304 1457 monstratur.
1323 1422 1332 1452 r
1349 1401 1398 1456 Cui
1422 1401 1518 1458 Petrus
1534 1402 1566 1458 dc
1583 1403 1673 1464 lrlarca
1688 1415 1715 1462 et
1737 1406 1835 1476 Pagina

203 1484 292 1531 exstat
303 1491 337 1531 er
359 1484 467 1548 regesto
489 1474 592 1531 Paseba
605 1492 628 1532 rs
647 1475 668 1529 ll
695 1475 853 1546 suppletque
868 1471 993 1528 Falconis
1044 1474 1122 1529 noris
1141 1471 1229 1527 allatis
1243 1471 1393 1527 rationibus
1406 1471 1596 1542 astipulantur,
1611 1473 1753 1543 sigeberto
1767 1481 1836 1532 perr..

204 1547 366 1602 lristoriam:
384 1564 393 1597 ι
413 1547 579 1617 Proprietas,
605 1562 663 1618 qne
678 1546 800 1599 retransit
820 1544 892 1597 curie
904 1543 937 1597 de
954 1560 994 1597 re·
1044 1552 1120 1599 taxat
1141 1543 1277 1597 riudicato
1294 1541 1328 1597 ab
1350 1540 1478 1597 aculeatis
1499 1540 1619 1611 ejusdem
1646 1556 1739 1602 eontra
1760 1547 1836 1604 illurn

203 1616 306 1688 palliam
322 1615 416 1670 uem.
442 1615 497 1672 liec
525 1624 597 1680 surrt,
636 1631 677 1670 ua
693 1615 720 1668 in
743 1613 906 1669 dominicatu
926 1627 995 1683 pape
1045 1612 1198 1678 sententiis,
1228 1611 1306 1682 quasi
1329 1612 1462 1683 synodum
1484 1610 1557 1666 illam
1576 1613 1633 1682 ipse
1656 1615 1835 1678 confinxerit,

205 1693 403 1742 remanserunt.
429 1685 551 1753 Quatuor
577 1631 727 1740 molendina
748 1685 781 1738 de
807 1685 910 1738 bonno.
937 1684 995 1740 [luo
1046 1685 1110 1754 quia
1125 1684 1152 1737 iu
1166 1682 1288 1737 editione
1307 1679 1439 1762 sigeberti
1455 1697 1471 1735 a
1494 1682 1585 1736 lliruu
1596 1695 1689 1740 cirrata
1705 1686 1740 1740 arl
1758 1688 1836 1742 eorlrl.

206 1756 360 1812 molendina
384 1756 417 1812 de
441 1765 534 1811 sancta
558 1755 685 1811 Barbara.
714 1754 749 1811 Et
776 1754 929 1809 molendina
962 1753 995 1807 de
1047 1769 1112 1810 ross.
1128 1752 1208 1808 lldem
1218 1750 1291 1807 nulla
1309 1751 1404 1823 synodi
1418 1752 1520 1806 mentio
1532 1761 1583 1807 est,
1611 1754 1644 1808 At
1659 1755 1837 1821 ttaudorr'nn,

207 1827 307 1896 Bnrgo.
319 1825 454 1880 Turreset
463 1826 636 1948 plateaticum
649 1833 726 1894 porte
738 1840 851 1880 suurrne.
864 1822 945 1879 Ortos
962 1822 995 1876 de
1047 1823 1177 1879 Gratiano
1191 1830 1218 1877 et
1229 1819 1309 1876 ltone
1323 1821 1436 1876 nimium
1450 1822 1566 1880 credulis
1584 1822 1705 1880 l‘nnrirrii
1733 1829 1838 1896 opinio-

206 1897 295 1952 Turre
313 1894 439 1951 Corsula.
491 1897 548 1950 laza
562 1896 689 1966 deponte
714 1893 827 1961 majori,
849 1902 877 1949 et
902 1907 996 1948 omnes
1048 1891 1569 1956 nemtuentibus,noramtrancsalsam
1589 1894 1737 1963 oiseiplna
1748 1899 1837 1964 perio-

204 1968 320 2037 planeas
332 1980 393 2020 eum
413 1966 557 2035 plateatico
571 1965 684 2036 piscium
702 1973 729 2018 et
751 1961 886 2018 loliorum.
900 1963 996 2034 Tingta
1048 1965 1139 2019 duma
1161 1961 1258 2018 Carolo
1273 1960 1369 2032 llaguo
1387 1961 1421 2015 ad
1435 1962 1594 2020 Formosum
1604 1965 1760 2032 pontificem
1783 1978 1838 2021 sta·

205 2037 372 2092 ludaeorum.
399 2035 576 2091 Plateaticum
600 2032 634 2090 de
658 2034 812 2104 ponticello,
841 2044 868 2088 et
889 2033 995 2104 poutrli.
1050 2034 1110 2098 tuit,
1121 2032 1263 2086 Anastasio
1274 2031 1355 2086 etiarn
1372 2039 1440 2085 teste
1457 2032 1588 2096 adlribito,
1600 2048 1753 2104 quanquam
1770 2038 1837 2092 nibil

207 2109 308 2162 Douros
331 2121 383 2175 que
400 2114 463 2161 sunt
477 2105 549 2161 circa
575 2105 716 2175 palatium.
734 2103 876 2158 rllaneturn
901 2113 996 2164 toturn,
1050 2101 1310 2172 inlilrropoutilrcali
1322 2102 1414 2158 baeda
1425 2117 1455 2157 rc
1468 2102 1628 2168 inveniatur,
1640 2106 1838 2174 quodosterrd'u

206 2185 236 2232 et
255 2175 401 2231 Salicetunr
414 2184 500 2231 totum
516 2176 548 2230 de
560 2183 643 2246 ponte
656 2174 771 2243 leproso,
786 2182 814 2228 et
826 2174 919 2229 uineas
932 2172 1000 2228 scul-
1051 2172 1233 2229 llabiilorriunr
1248 2187 1264 2225 a
1278 2172 1408 2227 Paurinin
1423 2173 1563 2241 deceptum
1579 2188 1649 2228 esse.

207 2248 270 2310 lais,
281 2253 308 2300 et
321 2246 426 2300 rinmm
439 2245 472 2301 de
483 2245 588 2310 llardia,
598 2253 625 2299 et
632 2244 725 2299 rineas
737 2242 770 2299 de
781 2243 864 2305 eirdo,
873 2244 1000 2300 etuineas
1086 2242 1146 2297 xx.
1160 2241 1209 2309 Qui
1222 2242 1294 2298 euim
1314 2241 1381 2296 laisa
1396 2239 1546 2310 hujusmodi
1561 2244 1682 2299 doctrina
1698 2245 1725 2299 iu
1738 2245 1839 2304 librum

207 2316 350 2387 principis.
363 2315 431 2370 lscla
451 2314 485 2369 de
496 2313 631 2370 Callarulo
650 2329 711 2369 cunr
724 2321 811 2383 posta.
827 2313 936 2368 Pratum
952 2314 1001 2367 lio
1052 2312 1236 2368 Pontificalem
1251 2310 1347 2368 referri
1398 2321 1467 2368 terat
1486 2313 1513 2367 in
1529 2311 1682 2379 Adrianol,
1696 2317 1839 2372 autetiam

208 2387 360 2450 rninicum,
382 2386 550 2450 riridarium,
570 2383 711 2448 babreum,
728 2391 755 2438 et
767 2383 886 2439 lurnrun.
902 2383 1001 2438 Planea
1052 2384 1079 2438 iu
1098 2381 1189 2438 Leone
1198 2381 1241 2448 lll,
1255 2381 1279 2436 si
1291 2381 1355 2437 ind
1376 2383 1451 2437 rimo
1462 2381 1493 2446 ll,
1510 2383 1555 2453 qui
1569 2385 1648 2439 annis
1660 2383 1840 2456 lercquadra-

208 2457 336 2528 piscium,
347 2462 375 2510 et
385 2463 511 2511 curatura
529 2455 562 2511 de
582 2454 668 2509 brudo
689 2461 766 2524 porte
780 2452 875 2507 rufine
889 2453 1000 2508 Vineam
1071 2454 1158 2508 intaa
1182 2451 1272 2510 Leone
1293 2453 1385 2518 distat,
1401 2454 1521 2524 permitti
1549 2452 1666 2509 nolitisse
1681 2456 1787 2523 dicitur,
1812 2469 1841 2511 ut

208 2529 253 2586 de,
267 2525 396 2582 Canmro.
423 2524 535 2580 Terram
558 2522 595 2580 de
614 2523 693 2580 trinea
713 2524 855 2579 llctcrana.
867 2523 1003 2580 Ecclesiae
1052 2471 1134 2595 193ιιί
1145 2521 1248 2579 Ludos.
1265 2522 1287 2577 ll
1303 2522 1382 2577 Rom.
1397 2524 1534 2592 pontilicis
1557 2523 1682 2580 electioni
1699 2528 1841 2582 adessmrtt

208 2611 316 2652 omnes
340 2594 452 2651 Vineam
473 2594 507 2649 de
529 2592 664 2650 Cellarulo
688 2592 870 2649 medietatem.
889 2594 1002 2649 Domum
1054 2593 1134 2648 ilatio
1157 2607 1264 2665 quoque
1281 2592 1383 2663 apertis
1402 2593 1477 2648 irisce
1498 2593 1589 2648 serbis
1606 2595 1749 2650 redditur:
1775 2616 1784 2648 ι
1804 2598 1841 2652 tte

209 2665 360 2722 Christiani
376 2667 409 2720 de
431 2666 517 2737 burgo
551 2672 610 2719 orte
633 2679 725 2729 auree,
743 2663 887 2728 Monetam,
903 2672 931 2718 et
949 2664 1004 2718 ele-
1054 2662 1442 2785 videlieetlcgatosprincifum
1455 2662 1481 2717 in
1490 2663 1649 2720 electionem
1658 2664 1841 2722 Romanorum

210 2735 378 2798 ctaru,idest
388 2735 516 2789 bannum.
532 2679 661 2789 Kledietas
671 2733 825 2789 reddituum
836 2734 869 2788 de
885 2733 1003 2804 placitis,
1054 2734 1201 2817 praesulum
1225 2747 1274 2788 cxs
1308 2740 1369 2787 etan
1390 2733 1398 2789 i
1422 2748 1480 2788 utos
1494 2748 1544 2803 per
1557 2733 1707 2802 huiusmodi
1722 2736 1842 2794 scarnen

211 2809 248 2861 sle
263 2804 428 2867 forfacturis,
441 2813 469 2860 et
482 2803 627 2860 suadentiis
641 2803 859 2874 peregrinorum,
875 2811 903 2858 et
916 2811 1005 2858 estra-
1055 2802 1227 2862 inolesceret.
1243 2823 1252 2855 r
1294 2804 1346 2857 uod
1369 2803 1391 2857 si
1405 2816 1439 2858 ne
1453 2803 1582 2859 Ludoviei
1594 2804 1702 2876 quidem
1715 2806 1772 2877 (qui
1789 2810 1843 2877 pri·

210 2889 337 2932 neorum.
362 2875 506 2929 Scadentia
528 2875 775 2930 beneventanorum
803 2873 880 2943 181
906 2881 1003 2929 lotar
1056 2873 1182 2942 vilegium
1204 2889 1219 2928 a
1243 2871 1339 2944 Sergio
1359 2872 1381 2926 ll
1395 2873 1549 2928 obtinuerat
1567 2873 1779 2957 Lotbariopatri
1794 2892 1843 2932 suo

210 2946 455 3014 Quantulacunque
477 2951 565 2999 autem
585 2945 686 3015 regalia
705 2942 814 3008 luerint,
830 2944 1008 3018 possessionis
1057 2952 1121 2998 ante
1133 2958 1218 2999 annos
1234 2951 1350 3013 quatuor
1363 2950 1391 2998 et
1411 2942 1514 3012 uiginti,
1531 2958 1585 3013 quo
1600 2943 1656 3014 ipsc
1679 2954 1761 3001 cuum
1785 2956 1843 3002 uta-

210 3029 269 3072 tam
282 3024 373 3080 certae,
388 3014 584 3070 tarndiutnrme
597 3023 799 3069 monumentum
812 3013 898 3077 istud,
920 3014 1007 3072 salida
1058 3015 1148 3079 batur,
1171 3029 1205 3068 ne
1223 3014 1324 3083 absque
1345 3013 1522 3082 imperialium
1542 3014 1684 3069 missorum
1700 3019 1845 3085 praetenuia

211 3085 401 3154 comprobatio
422 3093 474 3139 est
493 3083 674 3150 Quaurobrem
699 3084 726 3140 id
748 3091 836 3139 ratum
852 3098 884 3138 ae
897 3082 1004 3140 firmum
1059 3083 1228 3139 consecratio
1239 3081 1433 3207 derctsslegatis
1444 3083 1667 3153 luitpermissum
1678 3099 1707 3140 ut
1721 3087 1845 3142 electioni

211 3170 276 3214 esse
302 3153 398 3219 debet,
420 3154 633 3211 beneventanam
660 3154 814 3216 ciuitatem,
872 3153 948 3208 rinde
973 3143 1042 3209 acG
1058 3155 1229 3217 interessent,
1236 3152 1304 3208 libro
1334 3154 1462 3209 ontilicali
1478 3162 1688 3224 testamentoriae
1702 3156 1763 3212 libri
1776 3156 1847 3224 ejus-

210 3225 390 3289 esarcbatus,
406 3237 454 3279 sen
477 3225 623 3295 provincie
641 3222 762 3289 AEmilia,
787 3231 815 3279 et
859 3224 1003 3293 entapolis,
1057 3224 1119 3280 dem
1146 3224 1307 3280 auctoritate
1328 3221 1465 3288 affirmari,
1494 3225 1528 3279 ab
1546 3224 1666 3280 Adriano
1690 3224 1846 3281 laenitatem

211 3307 243 3350 et
257 3311 311 3349 uno
322 3296 406 3348 serbo
418 3295 547 3364 quidquid
570 3293 715 3349 donatione
736 3295 887 3366 principum
900 3295 1004 3361 nititur,
1057 3310 1118 3349 csse
1129 3308 1285 3350 concessam
1313 3311 1322 3344 r
1349 3291 1446 3350 barolo
1460 3294 1574 3365 eligendi
1593 3295 1746 3364 pontificem
1760 3307 1788 3352 et
1803 3313 1844 3352 or·

212 3377 330 3434 eccepto
345 3365 428 3428 Roma
439 3364 531 3435 etejus
540 3365 770 3438 ducatu,quorum
781 3363 861 3419 aliam
875 3363 1006 3420 rationem
1057 3363 1168 3420 elinandi
1182 3364 1357 3433 aposmticam
1369 3365 1477 3422 moene
1496 3384 1505 3416 r
1521 3363 1636 3420 Perinde
1644 3375 1687 3421 cst
1695 3366 1727 3420 de
1737 3365 1846 3431 Ottune,

214 3435 381 3498 habendam,
400 3431 451 3489 fuit
465 3435 600 3490 uberrime
617 3433 843 3498 demonstratum,
860 3447 920 3488 esse
938 3433 1007 3500 jur-is
1058 3433 1091 3487 ad
1106 3432 1276 3503 privilegium
1286 3448 1334 3489 seu
1353 3433 1468 3503 diploma
1487 3434 1586 3504 ipsius,
1601 3434 1678 3504 cujus
1694 3438 1846 3508 etemplum

214 3504 321 3575 proprii
335 3502 517 3559 lionranorum
527 3503 696 3574 pontificum,
712 3514 841 3575 tanquam
854 3504 939 3559 sancti
958 3503 1007 3558 l‘e·
1058 3513 1100 3558 est
1114 3503 1319 3566 ilenrieianum,
1344 3504 1367 3559 si
1390 3504 1534 3575 respicias;
1554 3521 1633 3564 secus
1648 3507 1671 3561 si
1693 3508 1849 3563 rennueret

214 3578 252 3630 tri
268 3588 458 3630 successorum
485 3575 543 3630 sine
569 3573 624 3628 ulla
649 3573 831 3630 Buritanorum
856 3574 1007 3644 principum
1058 3588 1119 3642 quae
1135 3573 1179 3628 ille
1191 3588 1223 3627 ac
1233 3574 1287 3628 duo
1305 3588 1476 3631 successores
1487 3576 1661 3646 cognomines
1674 3589 1847 3648 usurparunt.

214 3647 349 3708 nristnra3
375 3645 432 3714 qui,
452 3644 475 3699 si
495 3644 638 3715 aliquando
651 3643 752 3718 aliquid
773 3645 824 3700 sibi
840 3645 1009 3700 sindica-ont
1059 3644 1126 3699 Nam
1143 3642 1307 3700 Tusculanos
1330 3645 1442 3700 comites
1465 3646 1574 3712 imitati,
1587 3647 1686 3715 eligere
1708 3648 1766 3702 ausi
1786 3658 1850 3703 suut

213 3729 380 3786 quoeunque
390 3723 538 3784 pretextu,
562 3709 689 3770 Ecclesia
713 3716 845 3770 bonorum
859 3715 1007 3781 irrtasorcs,
1059 3715 1195 3770 llomauos
1205 3711 1357 3781 pontifices,
1371 3730 1424 3767 non
1437 3716 1598 3772 morluextra
1610 3731 1708 3785 corpus
1720 3716 1849 3772 llonsauze

214 3797 248 3841 ut
265 3785 378 3855 Augusti
409 3785 521 3854 aliquot,
547 3784 662 3840 habendi
689 3792 761 3838 sunt.
787 3784 1008 3854 Quandoquidem
1059 3783 1208 3847 Ecclesiae,
1227 3783 1275 3837 sed
1300 3783 1382 3837 etiarn
1408 3793 1485 3838 extra
1511 3786 1653 3855 episcopos
1676 3787 1847 3850 cardinales,

215 3857 266 3911 uni
291 3853 392 3920 Petro,
415 3855 598 3925 Romanisque
626 3854 799 3924 pontilicibus
832 3856 1010 3925 imperatores
1060 3854 1131 3925 quod
1159 3852 1301 3906 manileste
1323 3863 1424 3923 pugnat
1449 3869 1512 3910 cunr
1535 3855 1691 3924 diplomate.
1715 3854 1848 3914 chrictre

214 3924 351 3985 Orientis,
366 3933 394 3977 et
405 3924 521 3994 patricii,
541 3938 620 3994 reges
638 3923 815 3990 Francorum,
831 3932 912 3993 atque
926 3923 1010 3994 impe·
1059 3923 1168 3994 quidem
1181 3921 1326 3991 Angustus,
1339 3938 1399 3991 quae
1416 3931 1475 3977 erat
1499 3937 1558 3991 epus
1573 3926 1667 3996 pietas,
1690 3940 1724 3980 ue
1738 3927 1850 3983 terbum

213 4005 327 4052 ratores
345 3994 498 4050 Occidentis
516 4010 566 4064 pro
585 3993 705 4049 remedio
724 3994 875 4048 animarum
900 4009 1010 4050 suarum
1060 3993 1168 4064 quidem
1182 3992 1224 4050 sni
1236 3991 1392 4062 diplomatis
1405 3992 1542 4058 uiolasset,
1559 4011 1582 4052 sr
1594 3994 1729 4064 pontilicis
1752 3998 1850 4053 electio

214 4073 425 4128 «necessarum,
438 4073 468 4118 ut
479 4065 506 4120 in
519 4078 615 4119 eorum
630 4062 729 4117 ditione
742 4079 772 4118 nr
782 4065 930 4135 principatu
949 4078 1009 4133 per·
1060 4064 1151 4132 aliqua
1162 4077 1195 4119 eo
1208 4062 1353 4131 superstite
1376 4061 1447 4118 lacta
1460 4074 1542 4119 estet.
1557 4064 1661 4122 ldclrco
1675 4067 1746 4124 serio
1761 4068 1850 4123 auim-

213 4143 365 4192 nranerent
386 4151 467 4205 naqse
487 4134 522 4189 nd
545 4133 624 4203 fiuent
638 4134 747 4198 sestertii,⁸
762 4143 1009 4203 suprema-tantum
1061 4135 1163 4189 adverti
1184 4132 1362 4201 debentque
1384 4132 1429 4188 ille
1450 4134 1593 4191 confirmat
1615 4136 1649 4190 ab
1675 4134 1708 4190 iis
1730 4138 1848 4194 semis.-

213 4203 406 4261 dominatione
418 4204 469 4260 sibi
483 4214 619 4260 reserrsta
633 4203 660 4258 iu
671 4204 769 4258 ducatu
789 4204 945 4273 spoletano,
958 4219 1010 4275 qua
1062 4203 1183 4260 Soloeis
1204 4200 1323 4257 orandus
1338 4211 1464 4276 potestus
1490 4216 1589 4270 nostre,
1605 4214 1659 4261 etc.
1672 4205 1708 4262 tit
1730 4207 1854 4263 rtoetteer

214 4276 287 4330 0tto
304 4283 333 4328 et
353 4273 484 4332 ilenricns
508 4289 538 4329 se
562 4274 669 4343 penitus
692 4283 839 4339 exuerunt,
857 4282 888 4329 ut
907 4289 1013 4329 eorunr-
1061 4272 1324 4331 elerusetunitersa
1336 4272 1461 4328 nobilitas
1472 4278 1853 4347 sacramentoseastringeret

213 4347 283 4401 dein
302 4344 448 4414 diplomata
465 4343 575 4412 planum
598 4341 709 4398 iaciunt.
735 4343 820 4400 Venio
845 4359 916 4398 nunc
933 4344 967 4398 ad
980 4360 1012 4399 ea
1058 4342 1135 4413 juxta
1146 4341 1259 4414 Eugerrii
1278 4340 1544 4409 llconstitutionent,
1559 4346 1662 4402 trullum
1675 4346 1788 4403 electum
1803 4349 1852 4414 iri,

213 4431 285 4486 quoe
319 4415 466 4484 disciplima
487 4412 666 4470 ordinationis
689 4413 833 4483 pontitieiae
863 4413 1011 4484 adjicienda
1063 4413 1114 4468 nisi
1136 4431 1145 4462 r
1169 4411 1299 4467 canonice
1316 4419 1344 4467 et
1358 4410 1448 4481 juste3
1481 4416 1689 4472 rutdecretum
1714 4419 1855 4474 electionis

214 4494 300 4541 sunt.
1028 4498 1140 4562 pmore
1153 4482 1268 4551 pristinu
1286 4482 1320 4537 ad
1343 4482 1533 4551 imperatorem
1550 4487 1714 4553 mitteretur,
1727 4490 1808 4558 quod,
1825 4488 1856 4542 li-

259 4552 330 4607 xlx.
348 4553 431 4608 llideo
441 4554 566 4624 equidem
588 4552 665 4606 multi
677 4552 767 4621 operis
781 4568 838 4607 rem
856 4566 916 4609 esse
933 4552 1014 4610 disci-
1067 4561 1110 4608 ect
1124 4553 1151 4607 in
1165 4550 1310 4622 diplomate
1321 4567 1375 4607 non
1387 4554 1564 4622 exprimatur,
1584 4572 1618 4614 et
1631 4572 1663 4612 eo
1678 4565 1768 4621 tumen
1781 4560 1857 4614 colli·

214 4625 326 4696 plinarn
342 4638 451 4678 omnem
471 4623 610 4679 electionis
638 4623 901 4693 consecrationisque
916 4622 1029 4678 Roma?
1067 4622 1151 4694 gitur,
1165 4623 1228 4690 quia
1239 4620 1313 4676 missi
1329 4622 1482 4692 imperiales
1494 4634 1557 4682 ante
1569 4628 1799 4686 consecrationem
1810 4645 1857 4683 err-

216 4708 322 4749 nnrum
335 4693 492 4762 pontificum
512 4693 647 4762 persequi.
665 4692 814 4762 Eapropter
826 4693 879 4748 alio
895 4693 1016 4763 inopere
1068 4692 1207 4762 spectandi
1219 4693 1722 4762 erant;propterealiberPontillcalis,
1734 4708 1857 4768 utsupra

216 4765 278 4834 (lle
300 4766 454 4833 prestantia
472 4761 532 4817 Vnt.
547 4761 643 4833 emat.)
663 4761 818 4830 singillatim
845 4762 1017 4833 expositurus
1068 4769 1110 4818 est
1121 4762 1220 4818 dictum
1237 4760 1313 4832 (diss.
1329 4761 1356 4828 2,
1376 4777 1403 4816 u.
1420 4763 1465 4829 bl,
1478 4779 1506 4846 p.
1530 4765 1592 4838 tid)
1612 4767 1690 4838 183
1714 4769 1785 4824 banc
1801 4784 1857 4823 rem

214 4849 287 4903 qrrae
299 4847 364 4886 vera
376 4842 438 4887 sunt
453 4834 486 4888 de
503 4832 737 4897 inthronizatione,
756 4833 950 4897 benedictione,
971 4850 1017 4890 co·
1069 4831 1205 4887 luculente
1220 4838 1351 4896 testatum
1371 4846 1404 4886 ac
1426 4834 1542 4903 dentque
1564 4844 1595 4890 ut
1616 4835 1737 4916 pontifex
1763 4853 1859 4893 couse-

216 4902 380 4967 rorratioue,
404 4902 518 4973 aliisque
538 4903 674 4958 nonnullis
696 4902 723 4957 iu
746 4901 816 4958 libro
836 4903 1016 4959 cercnroniali
1069 4901 1187 4957 orandus
1200 4900 1377 4969 praesentinus
1392 4901 1677 4973 impen'alibusnussis
1696 4920 1787 4964 coram
1800 4923 1859 4962 onr-

214 4973 445 5037 oceurrentibns,
459 4975 503 5029 blc
522 4980 625 5027 tantum
647 4973 745 5036 dicam,
759 4988 818 5041 quae
841 4972 947 5046 plenius
960 4973 1019 5029 illu-
1071 4972 1150 5027 nibus
1164 4968 1358 5040 professionem
1368 4986 1414 5026 seu
1429 4974 1635 5042 promissionem
1656 4974 1729 5032 iilius
1743 4977 1858 5033 mutilem
1909 5031 1911 5034 .

216 5051 316 5100 streut
346 5040 483 5099 Ottoniaui
514 5052 542 5098 et
571 5041 723 5097 llcnrieiani
752 5043 803 5098 aeri
840 5042 1019 5112 disciplinam.
1071 5040 1183 5104 iaceret,
1194 5040 1339 5110 quamLeo
1350 5040 1384 5097 tt
1398 5051 1494 5111 sponte
1504 5044 1635 5109 exhibuit,
1646 5047 1775 5119 etdequa
1790 5047 1858 5106 satis

216 5112 363 5170 Nonnulla
387 5112 519 5184 siquidem
538 5113 654 5170 disserui
679 5113 756 5183 (tom.
771 5111 792 5176 l,
811 5127 838 5186 p.
856 5111 908 5168 26⁰
925 5121 953 5168 et
967 5112 1020 5171 289
1071 5120 1256 5180 superponent
1267 5110 1368 5165 dietum
1382 5111 1407 5165 in
1419 5113 1610 5183 superioribus.

215 5184 335 5252 seqq.);
359 5181 437 5254 plura
449 5182 545 5239 deinde
558 5181 635 5238 attuli
649 5183 725 5253 (tom.
740 5180 772 5246 ll,
791 5197 819 5252 p.
841 5182 893 5238 ll0
912 5192 1018 5255 seqq„
1108 5180 1178 5236 xxi.
1198 5180 1330 5258 Quorriam
1356 5196 1420 5236 sero
1451 5183 1550 5238 eruditi
1567 5182 1670 5255 aliquot
1692 5185 1861 5242 recentiores

216 5269 259 5308 ex
281 5255 380 5321 quibus
389 5261 463 5324 patet
475 5252 620 5309 discrimen
637 5252 765 5308 Ludotici
785 5261 1020 5324 temperamenta
1073 5259 1146 5306 tanto
1163 5250 1262 5305 babent
1277 5250 1306 5308 in
1314 5250 1405 5320 pretio
1414 5252 1588 5324 privilegium
1605 5255 1633 5309 in
1653 5253 1706 5310 due
1719 5254 1804 5310 libelli
1827 5256 1862 5325 de

218 5326 311 5381 ttorn.
324 5331 401 5393 pout
412 5337 547 5393 eoorpore
558 5323 726 5378 sacerdotnm
740 5322 868 5378 Romanae
880 5322 1019 5392 Ecclesim
1071 5320 1203 5390 episcopis
1221 5318 1385 5377 lietensibns
1407 5319 1536 5379 Lutuario
1560 5322 1629 5395 lug.
1652 5333 1682 5378 et
1699 5325 1820 5394 Eugenio
1839 5323 1860 5380 ll

215 5397 290 5453 sive
301 5407 334 5446 es
348 5393 514 5463 presbyteris
532 5403 560 5447 et
572 5392 730 5449 diaconibus
747 5390 905 5470 desumptus
928 5408 1020 5449 conse·
1071 5389 1193 5460 mnrium
1206 5389 1346 5454 tributum,
1361 5404 1449 5460 operas
1460 5392 1578 5463 pretium
1589 5391 1713 5452 tremus
1727 5410 1788 5450 esse
1794 5395 1862 5452 rnibl

216 5463 447 5526 erubescerem
469 5471 548 5519 aetate
562 5460 676 5526 (litenis,
714 5461 868 5531 nandojam
883 5470 1021 5534 ceperant
1073 5460 1173 5523 uideor,
1188 5459 1212 5516 si
1223 5458 1378 5525 ostendero,
1389 5461 1652 5519 consarcinationem
1663 5464 1754 5531 istam
1766 5475 1862 5522 utne

215 5544 310 5595 extra
321 5532 388 5587 illud
407 5548 515 5601 corpus,
526 5540 554 5587 et
572 5477 717 5603 episcopua
728 5534 810 5587 etiam
827 5532 853 5588 di
873 5532 957 5592 nitate
979 5533 1021 5602 iu·
1071 5530 1125 5587 rito
1139 5530 1210 5612 ‘illud
1224 5525 1393 5611 appellabam
1408 5530 1485 5612 (diss.
1501 5531 1528 5596 2,
1546 5548 1574 5585 n.
1588 5532 1645 5609 55),
1666 5535 1734 5591 nibil
1747 5536 1809 5591 riori
1833 5537 1862 5591 in

216 5609 325 5677 signes
338 5612 433 5658 contra
444 5617 547 5658 morem
559 5601 688 5670 malorum
707 5611 735 5658 et
746 5611 845 5660 statuta
855 5548 967 5658 istrum
986 5602 1021 5670 ud
1072 5598 1417 5670 porrnuetandrscrptmam
1428 5599 1538 5656 rulerre.
1552 5601 1863 5690 Premittituriuoppor·

216 5688 370 5733 srrrnmuru
386 5672 656 5729 Ecclesieunirerste
679 5673 782 5742 apicem
799 5673 961 5742 promoveri.
985 5671 1021 5730 lis
1074 5682 1137 5724 tune
1164 5677 1383 5750 sacramentum,
1412 5684 1461 5726 seu
1480 5675 1667 5746 juramenunn
1692 5676 1862 5733 tidelitausa

218 5760 302 5801 sero
319 5743 497 5827 adjiciendum
515 5744 616 5812 primo,
637 5745 709 5809 quod
721 5744 869 5799 octodecim
894 5743 932 5797 illi
950 5743 1021 5798 modi
1073 5740 1202 5796 llomauis
1212 5745 1334 5809 prestari
1346 5739 1456 5796 solitum
1468 5742 1624 5812 imperatori
1638 5748 1673 5802 ab
1684 5748 1741 5815 ipsa
1753 5760 1850 5802 renota
