4050 6192
176 351 228 411 aas
263 350 341 411 cab.
355 351 442 409 utri.
455 383 491 395 —
507 351 655 422 monath,
667 351 754 419 hac,
770 351 836 411 seh
855 347 1182 412 tou.cnttottrttti².-
1195 352 1273 411 hPP.
1287 385 1322 396 -
1341 355 1428 412 MSS.
1443 355 1489 414 ht:
1500 355 1586 413 utet.
1600 356 1680 415 ott.
1694 360 1714 415 Ι.
1751 362 1804 419 nrt

176 464 249 520 mine
264 471 377 520 coactas
388 462 541 532 provincias
557 479 572 517 a
586 463 751 520 liadicoiano
768 465 853 534 usque
874 464 966 536 cape-
979 473 1003 529 Α
1018 473 1118 531 tamea,
1140 473 1170 521 ut
1191 466 1332 537 perspicue
1353 476 1498 535 monstret,
1523 484 1577 525 aaa
1593 486 1655 526 cura
1676 471 1805 532 ludovici

177 549 273 589 raarrm
286 533 374 588 dictas
383 547 444 587 esse
454 543 546 587 ‘cetera
555 541 728 588 monomenta
741 542 883 590 testantur.
895 534 966 601 Quia
1017 535 1170 604 diplomate,
1184 547 1359 592 monumenta
1373 537 1476 593 archivi
1485 553 1545 594 esse
1559 540 1687 596 adhibita.
1705 542 1735 596 st
1744 559 1805 598 eas·

175 603 258 658 ctiam
271 597 335 657 litto
356 601 383 657 in
397 617 448 657 suo
460 598 617 657 iuramenta
633 601 709 671 (diss.
723 604 754 666 Ι,
775 620 802 659 ιι.
814 603 858 668 tu,
872 619 900 674 p.
921 604 966 675 hb)
1017 604 1079 660 dem
1093 605 1250 661 recensendi
1261 607 1383 662 ordinem
1398 615 1514 676 spectes,
1526 610 1678 678 exemplum
1691 610 1806 667 Ladoni-

175 670 272 728 loanui
291 667 338 726 111
352 687 400 742 per
420 669 530 726 nuutios
547 671 679 741 praestito,
695 682 771 728 terra
792 675 875 728 sancti
895 674 967 728 Petri
1018 673 1234 756 cianiagnascis3
1254 675 1433 730 sinaaaullas
1443 676 1623 734 detractiones
1635 688 1716 748 atque
1728 681 1805 736 addi·

175 741 286 796 nomine
297 739 506 796 ecclesiasticam
519 756 625 796 omnem
642 741 770 798 ditionem
785 743 965 812 amplectitur.
1018 743 1106 800 tiones
1116 747 1150 799 tls
1163 744 1329 801 intermistos
1340 745 1503 808 consideres.
1518 763 1571 802 aon
1591 748 1699 816 aliunde
1717 750 1807 819 proie-

177 811 231 867 Scd
248 811 302 866 hoc
318 809 346 865 ia
363 809 483 878 ejusdem
495 810 521 865 di
542 809 640 865 laniate
655 825 707 865 aec
724 813 968 874 terrmuecterri·
1018 823 1076 868 ctas
1090 828 1244 884 essequam
1262 814 1417 869 exarchiao
1437 815 1575 887 intelligis.
1589 818 1623 872 tte
1641 833 1707 874 rem
1730 818 1808 873 Sabi·

178 881 239 936 terii
250 895 349 936 nomeu
362 880 479 942 auditur,
497 825 668 960 suirurbaais,
682 879 890 950 Campaniaeque
902 882 969 937 eiri-
1018 884 1111 938 arensis
1123 882 1254 939 territorii
1303 899 1334 938 ra
1350 893 1416 953 puta
1434 884 1542 940 muntia
1554 895 1719 944 recensetur.
1736 888 1808 943 sioa-

179 949 281 1006 tatibus
294 965 349 1004 uuo
360 948 474 1004 ducatus
486 962 595 1003 nomiae
608 950 820 1018 comprehensis.
834 949 874 1005 lta
886 952 968 1006 etiarn
1018 952 1151 1008 troversia
1161 959 1251 1007 auem
1282 953 1366 1017 aium,
1382 968 1442 1022 quae
1450 956 1646 1022 possessiouem
1660 957 1706 1012 diu
1720 956 1806 1013 asm-

179 1030 299 1089 tempore
314 1018 462 1074 iunocentii
476 1017 519 1083 ΙΙΙ,
532 1032 593 1072 cum
607 1018 704 1073 Tuscia
715 1025 830 1089 utraque
839 1020 969 1089 patrimo-
1018 1020 1097 1087 ierat,
1112 1022 1220 1077 tandem
1241 1036 1274 1077 nc
1285 1021 1389 1078 sublata
1403 1031 1462 1076 erat
1478 1026 1589 1094 aregiis
1604 1025 1695 1082 missis
1709 1026 1810 1082 itherio

178 1089 253 1144 aium
276 1088 473 1172 appellabatur,
499 1097 554 1142 uno
575 1087 689 1142 docatus
707 1090 815 1145 nomiae
833 1104 896 1171 pars
910 1089 970 1158 eius
1019 1096 1048 1143 ct
1058 1089 1231 1160 blaginarioa
1249 1092 1365 1156 batibus,
1378 1091 1482 1147 siletur.
1494 1092 1559 1148 liam
1574 1094 1707 1164 siquidem
1719 1094 1809 1151 Ludo·

178 1158 352 1222 Cistiherraa,
365 1172 413 1213 seu
426 1156 596 1219 suburbanae,
609 1164 636 1212 et
652 1156 806 1226 campanie
818 1159 941 1215 curitates
952 1174 968 1214 a
1019 1160 1071 1216 rici
1083 1174 1151 1225 mvn,
1164 1167 1220 1215 tum
1230 1160 1292 1228 quia
1307 1174 1400 1216 recens
1410 1163 1540 1217 memoria
1554 1171 1624 1226 erat,
1635 1171 1692 1219 tum
1700 1165 1764 1234 qula
1773 1165 1809 1221 ob

179 1228 277 1283 Tuscia
288 1228 505 1289 secemebantur,
527 1234 558 1280 ut
575 1226 667 1282 videre
687 1235 731 1282 est
747 1228 818 1297 apud
830 1227 968 1284 Balnzium
1019 1229 1180 1287 constitutos
1191 1237 1280 1285 certos
1293 1228 1360 1284 lines
1374 1231 1525 1286 necessaria
1537 1234 1596 1289 visa
1614 1233 1675 1296 luit,
1687 1233 1809 1304 religioni

180 1296 262 1368 (Gest.
274 1313 302 1352 u.
315 1295 387 1367 lid).
401 1293 573 1350 innocentius
592 1294 663 1351 enim
677 1314 687 1348 r
708 1296 742 1350 ad
762 1312 838 1352 snam
852 1313 969 1368 prasen-
1019 1298 1140 1355 habitum
1146 1307 1219 1354 esset
1227 1313 1280 1353 aaa
1287 1300 1446 1369 exprimere.
1454 1301 1586 1370 Tempore
1596 1312 1684 1358 autem
1691 1302 1809 1366 ottonis,

181 1368 244 1423 tiam
263 1366 422 1424 convocavit
444 1366 594 1434 episcopas,
613 1373 642 1420 et
656 1366 776 1432 abbates,
798 1369 920 1432 caunites,
943 1375 970 1424 et
1020 1369 1146 1424 diuturna
1165 1368 1344 1437 possessionis
1358 1384 1495 1438 nunquam
1518 1371 1673 1441 interruptae
1686 1372 1811 1443 proscri-

180 1437 305 1501 haroaes,
320 1443 477 1507 potestates,
487 1442 515 1489 et
529 1434 653 1496 causales
665 1434 804 1491 ciuitatum
817 1435 851 1492 de
861 1437 968 1504 Tuscia,
1039 1436 1340 1500 tio,sccusiacicndum
1354 1439 1540 1507 persuadebat.
1550 1439 1579 1495 ln
1592 1441 1696 1497 Tusciae
1781 1456 1811 1497 o·

181 1505 474 1571 bacatu,ethlarchia,
490 1525 499 1555 ι
515 1505 688 1574 quantumvis
705 1520 739 1562 ea
757 1513 877 1575 tempore
890 1506 970 1561 Cam·
1019 1452 1166 1562 ssardoram
1190 1505 1344 1562 civitatibus
1356 1507 1547 1563 erromeraadis
1567 1516 1643 1564 tanta
1666 1511 1737 1566 inter
1775 1527 1811 1566 uo

179 1576 260 1646 panio
273 1575 353 1631 latius
372 1574 450 1698 Ψ
471 1574 671 1640 extenderetur,
692 1590 725 1631 ac
743 1575 970 1649 bipertitopdirisa
1020 1574 1168 1646 diplomata
1179 1575 1366 1632 convenientia
1380 1584 1432 1641 cst,
1445 1584 1567 1632 utuuum
1579 1576 1636 1634 lere
1648 1578 1811 1649 atqueidem

181 1645 335 1715 Campaniae
347 1653 374 1700 et
415 1643 529 1700 aritimae
542 1643 696 1700 nominihus
712 1644 786 1700 clara
805 1655 887 1701 esset.
907 1645 971 1702 llaec
1021 1660 1082 1700 esse
1096 1653 1241 1715 utramque
1253 1644 1387 1700 videatur.
1402 1644 1455 1702 Sed
1465 1654 1527 1716 post
1542 1647 1663 1703 liosellas
1676 1649 1757 1705 trium
1771 1648 1813 1704 ia·
1853 1652 1856 1658 “

181 1716 324 1771 adnotasse
335 1713 401 1768 satis
414 1713 450 1769 sit
463 1714 496 1766 ad
509 1713 715 1769 illustrationem
729 1713 882 1786 diplomatis
893 1714 971 1772 annis
1022 1715 1142 1770 salarum
1153 1714 1262 1770 donatio
1277 1715 1384 1784 penitus
1403 1715 1534 1771 reticetur
1549 1718 1583 1774 ab
1604 1715 1717 1783 Ottoue,
1733 1719 1770 1773 ita
1784 1725 1813 1774 ut

127 1788 130 1793 ’
183 1784 233 1837 rt5
252 1799 268 1839 a
286 1784 468 1839 ludoviciaao
483 1782 617 1839 distantis
987 1783 1090 1864 priris
1117 1784 1289 1847 doctissimis,
1315 1784 1436 1854 mihique
1462 1785 1617 1855 aliquandiu
1641 1785 1823 1858 interpolatio»

189 1899 193 1904 .
215 1853 263 1909 ΙΙΙ.
283 1853 324 1908 ha
337 1853 506 1908 Exarchatus
524 1853 695 1909 donationem
716 1852 837 1909 munium
855 1854 971 1924 primam
1023 1853 1197 1910 Ludoaiciaui
1217 1854 1363 1934 apographi
1388 1855 1560 1911 subolererit.
1582 1856 1651 1924 Quid
1667 1857 1754 1912 rerol
1773 1856 1813 1912 lis

180 1924 299 1988 renitur,
315 1931 461 1994 quoerecte
473 1923 615 1978 admodum
636 1921 749 1992 Pippiuo
767 1930 795 1978 ct
815 1922 912 1980 carolo
924 1924 973 1979 tri·
1022 1921 1122 1980 Leoms
1134 1922 1168 1978 ΙΙΙ
1178 1922 1326 1996 epistoltsc
1339 1923 1393 1979 situ
1406 1925 1491 1980 erutis
1504 1941 1520 1979 a
1535 1925 1617 1981 Corrri
1655 1927 1681 1982 'o
1697 1925 1843 1983 eonne-

180 1993 284 2057 buitur,
300 2002 357 2049 tum
376 1991 438 2064 quia
449 1990 578 2048 carisiaci
600 2000 714 2062 uterque
733 2006 794 2047 eam
811 1991 907 2049 iecisse
923 2008 973 2049 sae·
1023 1992 1133 2048 donatio
1144 2003 1219 2048 certa
1232 1994 1358 2064 suppetit,
1371 2000 1399 2048 et
1412 1993 1471 2063 ipso
1486 1995 1576 2050 hocin
1588 1995 1634 2066 dip
1662 2002 1733 2052 mate
1746 2009 1813 2051 ooa-

180 2064 243 2133 pias
256 2063 357 2119 dicitur
366 2062 394 2118 iu
406 2061 473 2117 Cod.
484 2061 559 2126 aar,
572 2069 628 2117 tum
638 2062 702 2132 quia
714 2061 828 2118 Carolus
839 2062 971 2128 civitates,
1025 2063 1100 2118 tiuua
1110 2065 1232 2133 sequitur
1246 2063 1356 2118 donatio
1370 2063 1422 2116 alia
1435 2078 1484 2133 per
1497 2065 1650 2135 designatos
1665 2065 1742 2129 lines,
1753 2080 1815 2135 qum

180 2148 298 2202 quarum
309 2132 507 2202 possessionem
521 2131 590 2187 inire
607 2146 657 2201 per
669 2130 861 2255 hauqobardos
878 2149 932 2188 noa
945 2132 974 2188 li·
1024 2131 1135 2188 abusis
1147 2149 1209 2188 cum
1226 2132 1313 2188 insula
1325 2132 1435 2189 Corsica
1451 2133 1567 2199 orditur,
1586 2143 1615 2189 et
1632 2131 1704 2190 inira
1716 2134 1815 2190 coullr·

181 2211 288 2266 encrat,
303 2211 403 2258 sanctae
414 2200 471 2256 sedi
483 2216 577 2256 ornnes
588 2202 712 2256 asseruit.
750 2209 911 2272 tperperanr
924 2202 974 2257 im·
1023 2212 1115 2257 matur
1133 2202 1242 2258 donatio
1264 2201 1365 2257 Siciliae
1384 2217 1444 2257 cum
1459 2217 1491 2258 ea
1511 2203 1682 2270 conditione,
1704 2204 1727 2260 ri
1746 2201 1816 2258 licor

180 2280 324 2342 penatores
346 2272 425 2327 ambo
444 2286 532 2326 nuncu
568 2279 640 2335 atur,
662 2286 788 2342 queres
811 2273 870 2327 sinc
893 2271 974 2327 dubio
1025 2273 1121 2327 nostris
1141 2272 1262 2326 maniter
1288 2270 1436 2337 tradiderit,
1457 2271 1521 2342 quia
1543 2272 1668 2330 videlicet
1690 2271 1815 2342 subjugo

183 2341 284 2397 ascribi
307 2342 386 2397 dehet
408 2356 506 2397 crasse
522 2341 593 2396 ilius
611 2341 662 2396 aevi
681 2340 852 2412 ignorationi.
872 2340 922 2408 Qui
941 2356 975 2396 ex
1026 2341 1223 2396 Saracenorum
1235 2337 1372 2410 ananiam
1391 2342 1539 2400 centesimo
1562 2343 1700 2399 tricesimo
1722 2343 1817 2413 quinto

183 2411 314 2467 Ludnvici
339 2412 446 2467 silentio
468 2411 596 2482 colligunt
622 2410 831 2466 hadovicianum
858 2411 974 2492 diploma
1025 2409 1169 2466 infeliciter
1185 2412 1319 2481 gemebat.
1341 2407 1451 2466 Corsica
1471 2412 1551 2467 etiam
1570 2420 1599 2467 et
1619 2411 1744 2468 Sardinia
1762 2411 1817 2466 ior-

182 2482 383 2552 supposititium
407 2495 482 2547 esse,
506 2496 582 2536 suam
607 2480 726 2550 ipsorum
758 2478 975 2536 allucinationem
1026 2480 1371 2546 tonaeadcmutebantnr;
1385 2480 1438 2536 hoc
1451 2481 1625 2538 tamenhisce
1637 2480 1817 2538 camilladis-

183 2551 367 2622 patefaciunt:
381 2550 671 2612 iulienricianaenim‚
684 2547 975 2622 quiaOttonumetiam
1025 2551 1129 2608 crimen
1163 2550 1310 2605 maximum
1339 2550 1537 2616 intercedebat,
1563 2552 1634 2621 quod
1658 2547 1816 2622 amplissimi

185 2622 297 2677 uomina
310 2620 433 2691 prolerre
447 2621 535 2685 libuit,
547 2620 711 2676 hadericum
724 2635 830 2702 quoque
841 2621 976 2676 nominari
1027 2620 1130 2676 reditus
1143 2618 1170 2674 in
1181 2634 1282 2691 egenos
1299 2627 1327 2674 et
1344 2618 1526 2676 Ecclesiamm
1547 2622 1671 2677 decorem
1689 2635 1705 2674 e
1756 2619 1817 2678 aaut

184 2691 314 2761 aportuit,
331 2707 385 2747 uon
397 2691 460 2761 quia
472 2693 504 2747 de
517 2691 669 2745 Euarchatu
692 2692 837 2759 quidquam
850 2691 885 2745 ad
905 2690 977 2746 illius
1026 2689 1099 2746 nrrlla
1109 2704 1228 2759 unquam
1239 2688 1339 2746 oblivio
1348 2688 1465 2745 delesset
1473 2690 1666 2760 patrimonium
1678 2688 1741 2746 Sicu
1772 2705 1816 2754 m;

185 2761 376 2816 liberalitatem
387 2762 531 2831 pertineat,
549 2760 595 2815 sed
617 2759 680 2831 quia
703 2760 862 2816 donationes
877 2761 977 2816 aritam
1028 2757 1161 2814 Sardiniae
1171 2766 1261 2814 autem
1275 2767 1303 2814 et
1315 2757 1432 2814 Corsicae
1449 2759 1591 2830 vectigalia
1609 2759 1754 2816 admodum
1769 2774 1818 2815 aa·

185 2839 366 2900 etpateraam
376 2830 553 2894 ooallrmarit,
566 2839 734 2911 quaspostea
746 2828 896 2886 0ttourset
907 2831 978 2885 lien·
1027 2835 1104 2900 gusta
1118 2828 1191 2883 nullo
1203 2826 1259 2883 lere
1273 2827 1332 2884 laco
1349 2828 1518 2884 habebantur
1539 2844 1555 2884 a
1572 2837 1664 2885 sancta
1678 2828 1757 2893 sede,
1779 2828 1818 2883 ita

185 2899 261 2955 ricem
270 2900 395 2955 similiter
412 2902 581 2956 roboramat.
600 2898 758 2968 Huiusmodi
778 2909 868 2956 autem
883 2915 978 2955 censa-
1028 2907 1068 2964 ut,
1081 2896 1135 2953 uisi
1149 2896 1258 2954 donatio
1270 2896 1316 2952 illa
1328 2913 1378 2968 per
1395 2898 1550 2968 designatos
1571 2897 1639 2955 dues
1659 2898 1686 2953 in
1706 2899 1818 2954 archiva

186 2985 248 3025 rum
273 2970 410 3026 solertiam
431 2970 498 3026 satis
516 2969 609 3024 mirari
635 2985 689 3024 non
705 2983 825 3039 possum.
853 2967 881 3024 Si
906 2969 978 3025 euim
1029 2974 1134 3039 reperta
1147 2975 1233 3033 esset,
1254 2983 1290 3023 ue
1303 2968 1420 3024 Corsicae
1431 2969 1539 3039 quidem
1560 2984 1659 3024 nomen
1673 2968 1709 3025 ab
1720 2966 1820 3026 otmar

186 3055 301 3109 usquam
314 3039 441 3095 hadarici
454 3054 550 3094 nomen
561 3038 766 3094 desiderandum
778 3048 844 3103 erat,
858 3039 884 3093 ia
899 3038 979 3095 Urbis
1028 3040 1163 3121 prolatum
1177 3038 1210 3092 iri
1224 3037 1387 3093 credendum
1401 3039 1447 3095 sit.
1466 3037 1524 3095 liac
1539 3046 1646 3095 tantum
1661 3037 1688 3092 ia
1705 3052 1735 3094 re
1748 3037 1821 3094 iuter

186 3109 358 3181 Romanique
367 3110 479 3165 ducatus
496 3108 680 3172 concessione,
703 3123 763 3178 quae
776 3124 863 3179 neque
881 3124 897 3163 a
916 3108 1015 3204 Pipc
1030 3108 1090 3165 ullas
1106 3108 1241 3172 convenit,
1263 3109 1334 3188 quod
1349 3107 1501 3164 Germaniae
1521 3106 1633 3180 dugenti
1649 3107 1750 3163 nullam
1769 3124 1819 3163 aa·

185 3178 492 3249 pino‚aequeaCarolo
506 3177 863 3235 iactaesseulloialocore
898 3179 977 3245 ritur,
1029 3194 1111 3249 quara
1132 3176 1339 3233 sollicitudinem
1366 3177 1400 3233 de
1424 3177 1459 3233 iis
1482 3178 1654 3241 habuerunt,
1678 3177 1730 3234 nisi
1756 3193 1819 3233 cum

186 3247 354 3319 probabilius
366 3249 546 3304 desideratum
560 3258 641 3312 esset,
665 3263 719 3303 uon
737 3263 801 3304 vero
815 3249 843 3304 iu
875 3250 980 3305 onatio
1030 3249 1147 3304 alienae
1193 3248 1226 3303 ad
1239 3255 1361 3302 sanctam
1378 3247 1469 3303 sedem
1491 3247 1818 3319 postliminio-redieruut.

188 3319 338 3373 arbustam
353 3333 385 3373 ex
400 3327 541 3382 convento,
555 3333 635 3388 quam
648 3327 744 3387 sponte
758 3316 846 3384 lactis,
864 3331 979 3387 quarum
1029 3315 1137 3388 'iuual
1198 3316 1270 3372 enim
1284 3315 1621 3389 ittoasicitteprasermn
1635 3324 1662 3374 et
1677 3316 1817 3382 Sardiniae,

188 3396 317 3444 auctores
328 3388 429 3444 charan
440 3395 468 3443 et
482 3395 655 3443 monumenta
668 3387 808 3459 apostolici
819 3387 922 3443 archivi
933 3403 980 3443 ex·
1028 3387 1149 3444 inhiasse
1161 3387 1273 3444 historia
1286 3403 1335 3444 nos
1349 3387 1437 3443 docet.
1554 3445 1559 3456 ,

188 3457 330 3512 hibebaat.
343 3457 461 3513 Audacia
480 3458 587 3527 quidem
601 3457 696 3528 ingens
708 3456 803 3513 luisset
821 3458 980 3529 autographi
1064 3457 1110 3513 lli.
1129 3457 1262 3514 Cetemm
1279 3472 1313 3513 ne
1329 3473 1344 3512 a
1359 3455 1483 3512 Sardinia
1495 3456 1639 3540 digrediar,
1653 3471 1714 3526 que
1726 3456 1753 3510 ia
1768 3455 1821 3525 pri-

188 3528 272 3582 rerba
283 3526 345 3581 illa:
368 3545 378 3579 r
401 3528 471 3584 sicut
487 3543 502 3583 a
519 3526 761 3596 praedecessoribus
780 3526 877 3582 vestris
896 3545 912 3583 u
948 3544 981 3584 ae
1030 3527 1128 3598 vilegio
1140 3526 1436 3590 ottonisdesideratur,
1452 3527 1485 3581 iis
1497 3527 1606 3596 quidem
1618 3542 1670 3582 aon
1684 3524 1819 3589 adhaereo.

187 3611 263 3652 noae
282 3598 309 3652 ia
325 3607 414 3652 restra
429 3604 560 3667 potestate
579 3612 611 3652 ac
633 3596 735 3652 ditione
751 3596 875 3653 tenuistis
886 3605 914 3652 et
945 3597 981 3653 is-
1030 3597 1254 3668 quipraecipitem
1268 3597 1348 3653 iidem
1367 3596 1495 3651 adhibent
1511 3597 1714 3653 actisSilrestri
1735 3597 1762 3650 in
1776 3596 1822 3651 Li-

186 3666 320 3738 posuistis
332 3681 340 3720 :
354 3687 363 3720 ι
378 3682 489 3736 prorsus
498 3667 623 3734 abiicere,
634 3682 782 3736 eorumque
794 3668 854 3723 loco
864 3682 979 3737 ponere:
1030 3667 1108 3721 hrum
1121 3666 1305 3723 Pantillcalem
1317 3666 1419 3731 relatis,
1433 3667 1461 3721 ia
1474 3667 1571 3737 quibus
1583 3665 1706 3723 Sardinia
1723 3666 1820 3724 donata

191 3754 201 3788 r
221 3737 286 3801 Quae
297 3738 349 3806 pta
362 3738 555 3792 recordationis
566 3736 718 3792 Ludovicus
731 3737 915 3807 pmdecessor
933 3751 982 3791 ao·
1026 3735 1219 3792 -laisscdicitur
1230 3735 1352 3790 ecclesiae
1366 3744 1521 3792 sanctorum
1531 3736 1677 3792 Marcellini
1694 3744 1721 3791 et
1735 3737 1819 3792 Petri.

188 3814 248 3862 ster
269 3821 329 3862 exc.
352 3806 417 3877 imp.
438 3805 595 3876 jamdudum
618 3821 667 3877 per
688 3806 839 3863 donatianis
856 3806 980 3888 paginam
1031 3805 1099 3860 Nam
1115 3805 1338 3875 septimosoculo
1354 3805 1585 3862 ineuntesanctus
1601 3805 1746 3876 Gregorius
1764 3804 1821 3859 hla-

188 3875 313 3931 contulit.
329 3896 340 3929 r
354 3875 388 3931 ht
402 3893 455 3931 non
474 3877 563 3932 minor
583 3876 694 3932 audacia
709 3883 751 3932 est
770 3876 981 3932 Ludosicrauunr
1031 3876 1165 3958 gnusssih.
1177 3891 1215 3940 ra,
1227 3873 1322 3946 epos)
1334 3873 1558 3930 Vitalideiensori
1566 3875 1628 3944 jara
1639 3883 1740 3932 sanctae
1750 3875 1825 3932 sedis

187 3944 307 4015 diploma
326 3945 540 4002 commentitium
563 3946 712 4010 declarare,
739 3947 801 4016 quia
824 3945 888 4001 Otto
909 3945 981 4000 iilius
1031 3946 1086 4001 rllic
1102 3943 1321 4001 administranti:
1344 3944 1500 4009 «Quoniam
1515 3959 1589 4011 vero,
1605 3945 1702 4015 iuquit,
1715 3959 1822 4014 posses-

188 4015 355 4071 mentionem
369 4032 422 4072 aaa
436 4014 510 4080 lacit,
524 4017 587 4071 dum
600 4016 706 4086 Pippini
719 4025 747 4072 et
759 4016 849 4073 Caroli
860 4015 982 4072 donatio
1031 4030 1106 4072 sares
1124 4031 1174 4071 nos
1186 4013 1318 4070 Sardiniae
1334 4014 1498 4084 petiverunt,
1513 4023 1542 4069 at
1577 4014 1745 4076 uladiuersis
1758 4030 1822 4072 otae-

187 4099 251 4139 nera
266 4094 399 4141 recenset.
411 4086 542 4157 Equidem
554 4101 605 4156 pro
616 4094 692 4142 certo
701 4086 798 4150 habea,
811 4101 899 4157 aeque
911 4083 982 4139 Herr-
1032 4086 1107 4142 ribus
1117 4084 1279 4157 affligrmtar,
1289 4083 1548 4153 Corrstnatinapulim
1557 4032 1657 4141 debeas
1667 4100 1717 4155 pro
1727 4099 1821 4139 eornm

188 4155 276 4210 ricnm
288 4155 456 4225 prolaturum
469 4154 552 4212 luisse
563 4155 635 4211 illins
644 4170 753 4220 nomen,
765 4156 817 4212 nisi
829 4154 981 4212 necessario
1032 4156 1151 4214 remedio
1160 4153 1448 4225 proicisei,lioentiam
1467 4154 1514 4209 tihi
1527 4153 1607 4211 eundi
1620 4155 1818 4212 concedimus.»

187 4226 377 4295 apponendam
389 4225 491 4288 luisset,
502 4232 533 4280 ut
547 4226 606 4296 pari
616 4225 786 4281 afficerentur
798 4227 900 4282 honore
912 4224 980 4281 Ger·
1033 4224 1148 4282 Romani
1162 4225 1269 4295 quidem
1285 4221 1441 4280 defensores
1458 4223 1577 4280 Sabinus
1591 4233 1619 4280 et
1632 4224 1736 4290 vitatis,
1754 4238 1821 4280 nec·

187 4295 262 4350 mani
273 4295 410 4365 principes
421 4295 529 4351 ilenrici
542 4297 769 4365 praedecessores:
784 4312 837 4352 aaa
849 4296 922 4352 enim
930 4295 982 4351 Lu·
1032 4313 1086 4353 aoa
1100 4296 1197 4351 Petrus
1218 4293 1368 4351 uamriasa
1383 4295 1498 4360 nunciis,
1517 4294 1645 4365 legatisve
1665 4294 1824 4364 apostolicis

187 4365 278 4421 dorici
290 4381 371 4436 qoam
389 4364 516 4422 ottanum
529 4365 618 4420 minus
631 4365 760 4422 intererat
767 4364 869 4434 jurium
882 4373 982 4421 sanctae
1032 4382 1127 4490 parum
1146 4365 1300 4435 discrepare
1319 4365 1445 4421 videatur
1462 4364 1521 4491 filib.
1536 4381 1566 4431 a,
1590 4365 1645 4420 iad.
1659 4381 1696 4427 ιι,
1712 4378 1755 4436 ep.
1770 4363 1820 4428 56:

186 4435 262 4490 sedis
271 4434 408 4491 vindicem
419 4436 447 4489 iu
461 4435 574 4491 solemni
582 4434 727 4505 diplomate
739 4436 877 4505 appellari,
889 4436 916 4491 ia
927 4449 981 4505 quo
1044 4476 1050 4490 .
1069 4452 1107 4502 rr,
1120 4435 1153 4502 9;
1180 4434 1199 4489 Ι.
1212 4451 1261 4500 ιιι,
1274 4433 1323 4500 66;
1348 4434 1368 4502 Ι,
1392 4450 1430 4501 ιι,
1445 4435 1459 4489 Ι
1486 4452 1494 4503 ;
1513 4436 1539 4493 Ι.
1558 4451 1595 4500 ιι,
1611 4434 1656 4501 55,
1672 4435 1729 4507 di).
1753 4432 1821 4490 Nam

186 4515 234 4559 aut
250 4504 359 4560 silentio
370 4505 502 4576 praeteriri
511 4504 632 4568 ottones,
647 4505 877 4571 authudm'icam,
890 4507 936 4575 qui
952 4507 979 4562 iu
995 4490 1204 4571 Dmauasteria,
1218 4503 1339 4561 ecclesie
1348 4505 1619 4577 recantesepiscapi,
1633 4514 1660 4562 et
1670 4506 1751 4576 presb
1771 4506 1822 4560 teri

186 4572 347 4646 Pippiniaaa
359 4583 386 4630 et
395 4575 518 4632 carolina
531 4575 675 4630 donatione
685 4576 868 4631 carrlirrnanda
880 4583 981 4631 utrum·
1033 4579 1116 4632 totius
1136 4576 1230 4631 insulae
1249 4575 1283 4630 iis
1295 4576 1510 4632 committantur.
1527 4574 1562 4632 m
1574 4577 1608 4632 de
1622 4520 1822 4646 temporalibu-

185 4658 241 4714 que
254 4654 441 4715 praecesserat,
459 4645 554 4699 iisdem
572 4645 700 4714 praemitti
715 4646 844 4714 oportuit.
859 4645 981 4699 Notanda
1031 4645 1178 4701 minatione
1190 4652 1290 4701 sancte
1304 4645 1375 4702 sedis
1389 4654 1452 4702 ante
1466 4647 1656 4704 iconomachos
1666 4646 1821 4710 mussitare,

185 4712 271 4768 etiam
282 4724 325 4769 cst
336 4730 386 4769 vox
397 4715 442 4770 illa
453 4716 621 4769 restituerant
632 4714 805 4770 hodericiani
817 4714 980 4786 diplomatis,
1032 4716 1140 4771 ruentiri
1151 4722 1203 4773 est.
1215 4713 1300 4771 Secus
1312 4717 1447 4786 reperitur
1460 4717 1548 4773 Caroli
1567 4716 1654 4789 Magni
1672 4731 1739 4781 aeva,
1752 4729 1822 4785 prar-

186 4792 292 4838 mutata
308 4784 335 4838 in
347 4784 521 4850 contelerunt,
535 4785 597 4854 qaia
612 4785 714 4840 scilicet
727 4801 830 4851 cause,
844 4801 894 4841 cur
912 4785 982 4840 anti·
1032 4786 1110 4856 cipue
1133 4795 1195 4855 post
1209 4787 1412 4842 renovationem
1436 4786 1552 4858 imperii.
1570 4786 1638 4842 Cum
1655 4786 1727 4842 euim
1740 4784 1821 4840 Sara-

184 4854 280 4980 quitus
302 4863 360 4910 erat
384 4854 515 4916 adhibita,
543 4855 736 4923 ignorabantur
759 4856 886 4911 Ottoaum
911 4870 980 4910 aero.
1031 4856 1090 4912 ceni
1103 4855 1239 4926 Hispaniae
1257 4855 1313 4912 lere
1327 4856 1471 4927 quotannis
1483 4857 1510 4911 iu
1522 4856 1674 4913 Sardiniam
1687 4863 1715 4910 et
1727 4853 1820 4911 Corsi-

212 4931 316 4999 ttamga
332 4923 413 4981 Liber
432 4922 597 4980 Pantilicalis
618 4925 646 4979 in
666 4925 727 4980 Vita
749 4924 879 4995 Stephani
902 4924 924 4980 ΙΙ
948 4925 981 4980 de
1031 4941 1091 4981 cam
1105 4934 1288 4990 excurrerent,
1308 4941 1487 4997 magnamque
1501 4925 1534 4982 iis
1550 4925 1645 4981 insulis
1669 4923 1820 4981 molestiam

184 4993 343 5058 donatione,
376 5010 439 5049 uam
453 5010 499 5049 rex
515 4995 752 5065 Langobardorum
771 4995 880 5050 eludere
898 5010 979 5052 ausus
1032 4995 1173 5062 irrierrent,
1195 5011 1265 5051 anno
1285 4995 1338 5052 806
1357 5004 1384 5052 et
1398 4997 1574 5066 sequentihus
1587 4994 1716 5065 Pippinus
1729 4992 1820 5051 caroli

184 5064 331 5134 iuerat,1
414 5064 539 5118 reddendi
562 5080 594 5120 aa
615 5066 766 5120 restituendi
781 5065 892 5120 roaihas
910 5080 980 5135 stepo
1031 5067 1104 5121 tilius
1118 5082 1166 5122 rex
1182 5066 1266 5122 italiae
1281 5066 1467 5136 burghardum
1485 5067 1611 5122 camitem
1634 5064 1732 5121 stabuli
1746 5064 1821 5120 misit

184 5135 287 5203 sapius
308 5135 402 5189 utitur.
427 5134 461 5189 Et
474 5134 537 5190 licet
556 5135 697 5205 Pippinum
713 5135 792 5207 (sect.
807 5134 871 5206 251)
892 5134 981 5206 legato
1031 5137 1060 5192 la
1072 5136 1209 5193 Corsicam
1226 5152 1287 5192 cam
1305 5137 1402 5201 classe,
1417 5136 1489 5191 illam
1502 5136 1630 5200 tuiturus,
1644 5143 1675 5190 ut
1691 5134 1818 5198 arbitror,

185 5203 320 5273 imperiali
333 5211 511 5274 protestatum
524 5203 607 5260 luisse
620 5204 693 5260 dicat
713 5224 722 5256 a
746 5207 817 5276 quod
830 5205 904 5261 nulla
917 5222 979 5263 eam
1032 5217 1133 5262 sanetae
1145 5207 1211 5272 sedi,
1225 5207 1269 5262 cui
1317 5206 1435 5262 rendam
1451 5213 1572 5276 tempora
1587 5206 1714 5262 danatam
1737 5202 1821 5259 laissa

184 5274 310 5330 thesauri
320 5274 397 5344 copia
407 5274 522 5330 suadere
535 5274 654 5340 valeret,
667 5284 698 5330 ut
715 5277 787 5346 quod
806 5276 889 5332 semel
901 5277 981 5334 beato
1028 5278 1148 5332 vidimus
1160 5280 1230 5348 (pag.
1245 5276 1301 5331 60.
1322 5277 1439 5332 Annales
1459 5276 1607 5333 liuldenses
1625 5274 1655 5330 ta
1676 5281 1819 5337 testantur,

183 5343 270 5399 Petro
296 5344 405 5411 obtulit,
434 5342 569 5400 auferret:
599 5346 711 5415 »paulo
735 5356 797 5417 post
823 5346 979 5419 subjungit:
1031 5347 1189 5419 quibuscum
1207 5348 1352 5403 concinunt
1371 5347 1524 5417 Egiahardo
1542 5347 1646 5410 tributi,
1658 5343 1819 5410 bertiniani,

184 5413 342 5470 «restituit
361 5413 569 5486 ipsascivitates
587 5415 732 5486 praelatas,
755 5418 857 5473 addens
881 5426 909 5472 et
932 5433 979 5473 ca·
1031 5419 1141 5487 aliique,
1155 5433 1270 5487 quonum
1286 5417 1393 5473 verbai
1458 5415 1690 5474 reterthimotnus
1708 5414 1766 5486 (lib.
1780 5430 1816 5480 rr,

182 5492 295 5550 stram,
317 5485 390 5556 quod
413 5485 618 5555 cognominatur
642 5484 862 5543 Cumiaclum:·r
889 5487 981 5558 Usque
1031 5504 1056 5545 c.
1071 5487 1128 5561 et),
1142 5504 1203 5558 qum
1221 5503 1282 5542 cum
1307 5488 1361 5543 siat
1382 5488 1417 5543 ai
1423 5487 1496 5612 u<p'us
1517 5486 1657 5553 momenti,
1686 5485 1819 5542 audienda

182 5553 257 5610 adeo
267 5569 361 5610 rernm
372 5563 424 5619 est,
437 5563 610 5611 monumenta
619 5564 712 5612 vetera
725 5558 908 5629 grammaticis
918 5573 980 5615 cea·
1030 5557 1293 5627 sunt:rQoiju1ta
1310 5566 1421 5614 consuet
1458 5559 1530 5614 inem
1548 5572 1625 5613 suam
1640 5559 1674 5614 de
1690 5555 1819 5630 llbpruia

182 5623 296 5683 toribus
308 5639 362 5681 naa
380 5625 510 5694 indigere·
1031 5630 1144 5700 egressi,
1168 5629 1257 5699 primo
1274 5630 1308 5684 ad
1327 5628 1479 5685 Sardiniam
1501 5629 1606 5700 appulsi
1629 5637 1702 5692 suat,
1728 5625 1820 5696 ibique

221 5691 258 5748 X.
278 5694 450 5765 hcpluribus
460 5694 547 5750 carna
563 5696 643 5751 anias
654 5695 844 5755 donationibus
858 5697 980 5756 Ottoaia·
1031 5715 1092 5755 cum
1118 5699 1212 5756 Sardis
1233 5699 1325 5769 praetto
1352 5697 1514 5764 commisso,
1540 5708 1568 5756 et
1594 5699 1685 5755 maltis
1706 5710 1817 5775 suoram

182 5779 255 5820 uum
267 5765 382 5839 atphna
404 5782 418 5821 a
442 5764 623 5824 Ludoriciaao
644 5767 765 5826 nonnihil
780 5770 922 5835 discrepat,
942 5771 978 5825 ita
1031 5770 1145 5833 arnissis,
1164 5785 1224 5827 nam
1239 5770 1291 5826 tria
1303 5768 1387 5828 millia
1402 5769 1579 5848 ibicecidisse
1592 5771 1817 5842 panathenaeon
