4050 6192
124 345 179 406 tls
197 346 274 407 COD.
292 345 414 403 lllPl..-
421 346 567 415 nesbit..
581 349 670 418 HC..
689 350 755 408 SEU
775 350 852 409 coh.
869 349 1322 408 canuslnus-nub-ulss
1339 348 1383 403 bl.
1395 347 1479 404 oieb.
1496 346 1679 430 subuertit.
1697 349 1751 407 ets

124 459 258 519 madrarti
268 436 385 529 oportet,
397 461 630 516 continuationem
649 460 775 517 uidelicet
792 459 913 516 omnium
927 465 949 521 lt
964 460 1216 530 sematlonibasque
1240 460 1394 530 agamslssc3
1419 457 1563 515 nonmllas
1585 458 1711 519 ciuitates
1723 461 1752 518 in

122 532 224 656 crium
241 544 274 584 ac
304 528 484 599 risileglorum
495 537 594 585 sancta
605 529 677 585 sodis
695 545 808 613 manac
821 530 913 600 magu·
964 528 1101 613 pontificis
1186 536 1287 612 ,mlum
1309 529 1381 612 ultm
1399 527 1520 595 uenisse,
1548 527 1695 613 aliasnrero
1710 547 1753 587 rc·

154 613 264 655 nexem
294 613 333 653 oa
348 613 410 669 rege
424 597 806 682 Romanorumlactamreqnb
821 609 914 654 amto-
962 615 1092 655 unisse.»
1136 599 1248 664 seille,
1273 597 1308 654 ad
1325 599 1515 670 imponendum
1536 607 1691 670 aptissima,
1705 616 1753 656 re·

124 668 826 810 Rumpffisssffiffinmpfflffiiffim:Q⁸⁰13?
842 677 912 791 ¹(letto
963 669 1011 791 2⁰¹³
1023 684 1055 790 ela
1073 670 1180 810 plortgnp)
1190 668 1361 792 pronuntiat,
1381 668 1558 740 inexploratis
1572 671 1754 726 monumentis

274 807 281 819 .
320 806 326 819 ,
412 775 420 791 .
596 756 653 820 ‚c
726 755 799 821 rur·
824 755 912 808 pora
981 755 1073 822 unam
1099 779 1112 821 U,
1145 755 1177 822 u·
1590 808 1597 823 .
1690 810 1696 823 ¹

123 807 913 959 &anthemidis-illibi?dimittile
963 807 1754 959 {hl‘lislnilaiblidldlhultissimis

124 944 308 1006 muonsslll
325 946 359 1000 ab
379 946 416 1001 im
452 961 486 1000 nr
507 946 674 1016 principibus
700 945 757 1002 lieri
771 947 913 1001 soluerat:
964 947 1026 1002 mdc
1039 946 1073 1001 ad
1086 946 1221 1018 liudulpbi
1234 962 1342 1004 causam
1356 947 1563 1003 deveniendum.
1578 945 1753 1019 sompertuna

124 1016 303 1074 anuinio
424 1015 756 1085 sadseptemviralclllnd
772 1016 840 1072 colle
858 1016 914 1071 ium
964 1031 1031 1072 sane
1042 1024 1124 1099 atque
1135 1018 1304 1089 exploratum
1317 1017 1379 1079 erit,
1392 1031 1426 1072 ne
1441 1018 1522 1072 unius
1539 1016 1648 1100 quidem
1663 1017 1754 1076 sacnti
1819 1073 1831 1095 0

123 1101 233 1144 umam
245 1100 347 1150 mm,
360 1100 408 1141 scu
421 1085 493 1156 regis
506 1085 687 1143 Romanorum
698 1086 793 1141 elccho
855 1094 914 1140 acta
964 1087 1052 1158 spatio
1079 1087 1246 1142 invasionem
1274 1086 1436 1143 exarchatus
1473 1086 1648 1158 persutisse;
1675 1086 1756 1144 Nico-

123 1167 202 1222 crat,
216 1154 455 1225 eujusauctoritas
475 1153 602 1225 deinceps
622 1154 743 1212 onntarn
763 1155 915 1228 principum
965 1155 1001 1211 lai
1028 1154 1061 1210 lll
1082 1156 1294 1227 praedecessores
1322 1170 1375 1212 non
1400 1156 1483 1211 luisse
1627 1156 1755 1224 desides,

125 1224 387 1295 bastaressecoepit.
409 1224 574 1281 llaecautem
590 1224 700 1290 omnia,
724 1240 783 1294 quae
798 1225 915 1297 diploma
965 1224 1011 1281 ubi
1027 1225 1059 1282 de
1071 1226 1207 1298 praecipua
1225 1241 1259 1281 ex
1271 1226 1459 1282 donationibus
1476 1239 1569 1296 regum
1612 1242 1754 1283 raucorum

125 1297 286 1368 liudolphia
298 1293 795 1367 precedentibusmrersomeluetunr,
807 1294 917 1350 inerunt
965 1294 1126 1351 vindicanda
1142 1309 1186 1352 res
1212 1294 1278 1360 luit;
1299 1294 1470 1366 [ludolphum
1490 1309 1506 1348 a
1531 1294 1588 1351 suis
1610 1293 1754 1367 deceptum

125 1367 155 1422 iu
167 1381 250 1422 eausa
260 1381 312 1420 cur
325 1365 396 1420 istud
409 1365 491 1419 etlam
501 1379 555 1420 nou
567 1363 650 1420 semel
667 1365 770 1421 editum
787 1366 815 1420 in
829 1364 916 1419 lucem
966 1364 1137 1435 aliquatenus
1150 1364 1288 1421 distulisse
1296 1364 1505 1430 restitutionem,
1518 1373 1548 1419 et
1561 1364 1671 1422 minime
1686 1366 1752 1423 inui-

125 1437 199 1508 typis
211 1436 309 1492 iterum
326 1434 549 1491 committendum
567 1433 701 1490 duxerim.
730 1434 789 1490 llue
813 1434 918 1490 accedit
966 1442 1025 1488 tum
1040 1432 1169 1489 Ecclesiae
1181 1432 1245 1503 jura
1268 1434 1450 1496 instaurasse3
1469 1448 1619 1504 causasque
1644 1446 1757 1494 mterm

125 1506 199 1578 quod
208 1506 270 1579 pius
285 1506 336 1562 iste
346 1518 513 1575 magnusque
526 1513 645 1573 augustae
662 1502 759 1586 domus
768 1502 917 1559 businiacae
966 1502 1286 1628 partimeor'p'ectando,
1313 1507 1413 1575 partim
1432 1517 1451 1559 e
1472 1503 1582 1574 scriptis
1600 1504 1675 1561 nullo
1695 1505 1756 1563 loeo

124 1577 282 1648 progenitor
296 1573 480 1630 invasionibus
497 1573 634 1630 Caesarum
652 1589 702 1644 suo
726 1574 871 1644 diplomate
887 1573 918 1630 ll-
987 1572 1127 1628 abeadrsa
1148 1582 1217 1640 atas,
1231 1572 1306 1629 leves
1316 1588 1386 1637 esse,
1400 1571 1621 1643 atqueblstorlco
1633 1573 1758 1649 indiguas

124 1661 189 1701 uem
201 1645 292 1702 attolit
305 1664 312 1699 ι
326 1644 451 1716 prramrls
463 1644 537 1699 enim
547 1643 700 1699 budorlcus
719 1642 837 1699 bavarus
858 1642 914 1716 pri·
968 1650 1062 1698 nostra
1071 1640 1123 1698 hac
1132 1650 1212 1699 atate
1226 1650 1280 1699 tam
1295 1642 1402 1698 illustri.

123 1729 171 1772 sca
196 1724 299 1772 anctae
321 1715 392 1771 sedis
404 1713 572 1769 incommoda
587 1712 760 1782 instaurarit,
774 1712 856 1769 ltaliae
866 1728 917 1784 po·
1003 1710 1048 1766 lV.
1068 1709 1177 1768 bavero
1196 1728 1231 1768 ne
1244 1711 1393 1769 innocentii
1407 1711 1440 1767 lll
1460 1719 1581 1783 tempore
1604 1726 1654 1770 sun
1676 1714 1757 1773 iurem

123 1785 191 1855 pull,
205 1799 305 1856 eosque
318 1785 389 1840 inter
400 1782 573 1838 audacissimi
597 1784 754 1855 scriptores,
767 1792 917 1839 assemato-
970 1780 1061 1836 sacnti
1073 1795 1110 1835 su
1122 1781 1155 1838 de
1168 1780 1341 1850 summojnrc
1356 1781 1470 1838 sonam
1481 1783 1619 1854 pontilicis
1632 1784 1661 1839 lu
1676 1799 1758 1842 esar-

125 1869 224 1928 resgue
234 1856 291 1912 ltali
306 1853 452 1912 damnandi
464 1867 541 1923 aeque
553 1852 691 1918 sidentur,
717 1868 750 1909 ac
771 1852 829 1924 lpse
842 1853 915 1925 prin-
968 1851 1051 1905 chatu
1068 1850 1186 1907 dubitari
1198 1852 1293 1923 possit,
1309 1852 1474 1908 ualidissima
1491 1851 1544 1907 duo
1557 1862 1702 1925 suppetunt
1717 1859 1768 1912 ar-'

122 1922 916 2065 iiiuiliiii‘imiibiffllliimiiimiiii?
964 1921 1664 2063 ilismundissimillulililtlu
1679 1925 1758 2051 lii}

218 2010 292 2138 pnimo
318 2061 475 2134 hildolphus
498 2062 555 2133 ipse
581 2070 699 2118 testatur
713 2033 763 2135 (lib
777 2079 808 2130 n,
834 2062 913 2133 epist.
965 2060 1017 2115 stis
1042 2061 1178 2118 inhaerens
1200 2061 1348 2133 privilegiis
1369 2008 1515 2133 pontilsslis
1530 2068 1559 2117 rt
1580 2064 1757 2121 exarebatum

123 2079 455 2218 Wpontlhoesplures,
469 2147 578 2187 sacrum
599 2132 754 2215 collegium,
768 2146 916 2216 omnesque
965 2129 1160 2188 retinuitetim
1189 2131 1440 2216 ‚trasit,·utrsalro
1450 2130 1513 2201 iure
1522 2133 1759 2216 apostolicaesedis

123 2202 916 2357 sumsimus”ttimdusslililis
965 2209 1348 2354 deliniationis
1365 2208 1525 2355 aarum
1540 2202 1759 2331 mosim

122 2345 298 2469 muira
318 2341 917 2483 santuanneunatuuau:
965 2339 1759 2493 itiiidbmmmmmnmmm:

123 2485 331 2556 suatinensem
343 2481 501 2554 pertituros
510 2479 644 2553 medaha.
661 2481 783 2551 camme
799 2482 827 2536 in
840 2481 916 2551 regio
966 2487 1083 2546 tonoru,
1109 2489 1138 2536 et
1166 2480 1315 2537 marchiam
1345 2479 1592 2539 harronitaneusem
1617 2482 1759 2556 recipiata

148 2554 348 2626 usdiplomate,
375 2550 452 2635 jurata
482 2549 583 2606 Nicolai
608 2550 641 2608 lll
664 2550 757 2624 petita,
774 2550 914 2618 badonici,
966 2549 1078 2606 domino
1101 2564 1181 2622 papa,
1207 2559 1235 2607 et
1249 2550 1370 2606 liomana
1385 2550 1515 2616 Ecclesia,
1531 2558 1559 2607 et
1582 2563 1761 2625 recogauscat

147 2623 240 2687 mnis,
253 2632 281 2679 ct
302 2622 413 2679 Rauraci
427 2620 603 2692 diplomatum
621 2631 714 2693 partes
729 2620 841 2692 singulae
854 2635 914 2678 om·
965 2619 1048 2674 ctiam
1062 2619 1145 2676 abela
1158 2617 1317 2677 lledisiuam
1331 2629 1359 2675 et
1378 2621 1532 2692 hagelatam
1554 2637 1616 2678 cum
1630 2625 1686 2680 suis
1697 2639 1761 2697 per·

124 2694 188 2750 nino
199 2693 411 2757 annumeratur,
422 2690 567 2756 vbathildis
580 2690 724 2746 donatione
738 2705 791 2746 non
804 2699 916 2763 praeter-
966 2687 1100 2744 tinentiis.
1123 2688 1162 2746 lle
1179 2691 1278 2762 quibus
1298 2691 1425 2748 omnibus
1442 2690 1521 2747 bonis
1541 2692 1715 2752 semanimem
1732 2694 1760 2752 el

124 2765 218 2830 naim,
228 2762 357 2835 nilplane
370 2762 548 2834 opportunius
558 2758 649 2817 alierri
662 2768 751 2833 potest
761 2776 810 2833 pro
822 2776 917 2817 neccs-
962 2756 1053 2827 iuret,
1067 2766 1095 2814 et
1106 2757 1263 2817 imbutam
1284 2760 1310 2816 ei
1333 2759 1434 2825 eruat,
1456 2761 1527 2816 siem
1543 2761 1657 2819 lloniinu
1671 2779 1730 2821 suo.
1746 2784 1757 2819 s

123 2834 189 2890 sarii
206 2832 286 2902 hujus
304 2832 395 2903 operis
409 2832 546 2896 coronide,
569 2846 650 2903 quam
671 2830 788 2901 diploma
809 2831 914 2904 ipsum,
967 2828 1081 2897 Quodsi
1100 2826 1243 2887 liarennas
1256 2830 1491 2902 archiepiscopus,
1509 2831 1586 2901 euius
1609 2834 1761 2904 praedeces-

122 2904 195 2975 quod
210 2904 245 2958 ab
258 2903 407 2958 electorum
426 2900 609 2973 septeznvirali
632 2900 749 2972 collegio
770 2903 917 2957 eonltmra·
967 2899 1088 2955 soresab
1100 2899 1166 2971 ipsis
1179 2899 1268 2958 Caroli
1279 2899 1367 2973 lingui
1379 2901 1641 2974 tempor-ihusgratia
1654 2911 1760 2978 etprae-

123 2982 181 3029 tum
215 2971 276 3029 luit.
309 2972 404 3028 Exstat
453 2971 544 3026 uidem
572 2971 644 3028 illius
672 2972 868 3044 aumgraphum
889 2971 916 3026 in
967 2967 1037 3025 sidio
1049 2969 1181 3042 principis
1190 2970 1400 3027 dominationem
1421 2971 1449 3025 iu
1459 2972 1605 3028 exarchatu
1618 2973 1670 3028 sibl
1683 2989 1761 3029 arro·

123 3042 274 3116 apostolico
289 3043 400 3098 archiro
468 3041 495 3114 3
516 3039 593 3098 llolis
610 3040 737 3097 Admana
750 3040 849 3107 semel,
867 3042 917 3097 itc-
968 3053 1033 3110 gare
1044 3039 1103 3095 ausi
1114 3045 1204 3106 eram,
1225 3047 1253 3096 es
1269 3040 1403 3098 heuneus
1419 3040 1541 3100 Suericae
1562 3043 1654 3117 stirpis
1668 3043 1761 3116 hugu-

123 3129 194 3180 rmu,
220 3121 248 3169 et
261 3114 343 3168 tertio
356 3127 461 3168 mmnra
485 3127 546 3167 eum
564 3111 617 3167 ude
630 3112 792 3183 uulgatum,
819 3112 915 3167 rimurn
970 3109 1212 3182 stus,proiudeque
1221 3109 1349 3167 Ecclesia
1357 3110 1489 3168 ditionum
1498 3112 1759 3178 larsaaormaslmus,

122 3182 399 3240 scilicetahOrlorioo
415 3180 555 3252 haynaldo
577 3180 670 3253 (lusu,
689 3197 717 3237 n.
735 3181 773 3253 l),
807 3183 887 3238 cinde
900 3197 916 3237 a
931 3161 953 3224 0
969 3179 1129 3236 duodecimo
1149 3180 1249 3238 saeculo
1274 3189 1400 3246 excunte,
1426 3181 1541 3237 llnmani
1563 3182 1700 3258 pontihcis
1715 3182 1761 3254 jus

123 3252 271 3309 bauoentio
298 3252 424 3323 zacagno
459 3251 581 3307 libliotb.
609 3252 670 3307 ilat.
701 3252 814 3308 custode
840 3253 915 3322 (diss.
969 3249 1268 3322 mmoemumiatenlur,
1288 3265 1448 3320 aemaguus
1464 3251 1509 3308 ille
1531 3254 1653 3325 pontilcx
1679 3254 1761 3312 inno

122 3324 183 3378 bist.
203 3323 237 3377 de
254 3323 355 3377 domin.
382 3323 413 3377 S.
434 3319 510 3385 sm,
525 3321 672 3393 append),
691 3338 724 3378 ae
749 3328 857 3378 demum
883 3323 917 3377 ab
968 3321 1075 3377 centius
1087 3328 1188 3377 sauctae
1200 3322 1258 3378 sedi
1269 3321 1402 3377 acerrime
1415 3320 1535 3377 uindicat
1547 3320 1609 3391 jura
1622 3337 1670 3379 sua
1683 3337 1692 3378 a
1704 3340 1760 3381 uon

121 3408 176 3449 em.
195 3391 339 3447 domnallo
354 3406 363 3447 a
378 3391 553 3446 nihilominus
574 3390 633 3446 alias
658 3399 832 3447 accesserunt
853 3408 918 3448 ean-
968 3391 1051 3461 igitur
1079 3389 1163 3446 ltaliae
1191 3406 1270 3475 reges
1296 3399 1377 3462 almae
1400 3391 1513 3461 hugrrsti
1539 3393 1656 3464 plurium
1671 3396 1760 3465 spatia

121 3477 159 3519 sae
180 3478 232 3519 cur
249 3462 331 3520 editis
341 3477 390 3533 per
408 3476 451 3516 me
474 3461 656 3517 monumentis
682 3461 799 3533 diploma
823 3463 914 3527 istud,
968 3459 1138 3526 seculorum,
1149 3460 1292 3518 silentibus
1304 3460 1487 3532 pontilicibus,
1502 3464 1677 3522 exarchatum
1697 3466 1760 3522 reli·

150 3534 194 3589 md
213 3540 375 3589 ceterorum
394 3530 620 3604 complementum
640 3531 693 3587 dici
716 3538 822 3604 potest,
850 3530 918 3600 adji-
968 3538 1094 3593 nuerant,
1108 3530 1157 3586 sed
1170 3539 1233 3586 octo
1252 3531 1307 3585 'nta
1322 3532 1355 3587 ad
1369 3546 1505 3586 summum
1519 3534 1598 3588 annis
1621 3533 1657 3590 ab
1680 3533 1762 3591 luna-

121 3548 221 3659 Satnr.
968 3599 1059 3655 centio
1071 3598 1105 3654 lll
1121 3596 1156 3658 ad
1170 3599 1237 3656 Nico
1264 3616 1310 3656 nm
1331 3600 1437 3674 pariter
1457 3603 1576 3669 tertium,
1594 3603 1762 3661 duobusea-

157 3672 200 3727 lll.
221 3671 322 3727 llarum
335 3670 477 3742 potissima
491 3680 555 3725 sunt
575 3670 687 3727 annales
710 3670 786 3736 ltall,
799 3672 846 3744 oui
860 3687 916 3729 uon
967 3670 1063 3724 tremis
1080 3668 1290 3741 imperatoribus
1304 3668 1403 3726 ottone
1414 3672 1448 3726 lll
1459 3671 1762 3730 etirtuerlcollesno

121 3743 206 3800 unet
237 3742 308 3814 typis
331 3741 397 3796 saliti
419 3741 566 3797 vernaculo
592 3740 730 3807 idiomate,
755 3740 917 3799 Germanice
967 3748 1168 3810 thrumssessltlt
1188 3754 1239 3795 ¹¹0⁰
1256 3740 1425 3811 mummuli
1438 3741 1507 3796 ineu
1524 3740 1760 3800 fluctuationem·

121 3813 203 3869 etiarn
217 3812 279 3869 iacti
291 3810 531 3870 circumferuntur.
548 3810 577 3866 ln
589 3810 623 3865 iis
634 3812 768 3882 siquidem
785 3813 819 3868 de
830 3813 916 3884 pluri·
966 3809 1045 3879 perii,
1060 3823 1121 3879 qum
1131 3806 1214 3863 latale
1228 3809 1413 3882 interregnum
1428 3809 1499 3880 apud
1515 3810 1670 3868 domnoniae
1693 3815 1762 3871 scri·

121 3883 172 3939 bns
187 3881 321 3954 humrlpbi
333 3880 524 3953 diplomatibus
546 3896 599 3937 non
617 3896 720 3954 muca,
745 3882 829 3938 nimia
853 3899 915 3939 cum
965 3886 1059 3949 ptores
1069 3876 1154 3944 audit,
1167 3879 1271 3935 musam
1300 3879 1345 3935 illa
1371 3882 1571 3950 perseuerauit,
1595 3897 1648 3954 qua
1663 3882 1761 3956 deoq-

120 3951 258 4018 llbertate,
273 3951 489 4024 promulgantur,
502 3966 564 4022 que
576 3966 638 4006 curn
651 3951 786 4035 liudolpbi
796 3951 916 4023 ejusdem
966 3957 1011 4004 tus
1026 3946 1243 4019 liudolphuspro
1256 3964 1309 4004 una
1322 3963 1353 4004 es
1363 3948 1469 4020 imperii
1481 3950 1765 4008 ditinrrihusliomna··

120 4022 244 4096 epiamu
266 4028 360 4105 aperte
376 4029 508 4102 pugnam,
536 4036 572 4077 ne
595 4020 750 4094 huiusmodi
778 4022 915 4077 annalium
965 4018 1237 4090 diolamaccipiebat.
1249 4018 1306 4074 lmo
1319 4018 1499 4091 nanctoginta
1514 4020 1623 4104 quidem
1636 4021 1761 4080 iisnurris

120 4108 227 4150 summa
265 4092 395 4163 nrilcgiis
410 4093 573 4162 pluribusque
588 4091 743 4162 apostolicae
766 4092 916 4148 sediscon-
965 4089 1074 4146 siluisse
1106 4088 1230 4146 ontihces
1244 4106 1307 4145 mox
1322 4090 1435 4161 putabit.
1451 4088 1565 4145 luteram
1577 4090 1759 4150 aamercort

121 4163 222 4229 uana,
284 4162 392 4220 utriculi
407 4161 508 4230 alirprrirl
534 4162 659 4233 accipiat.
680 4162 812 4234 Exemplo
834 4171 915 4218 erum
966 4160 1056 4226 debet,
1097 4157 1448 4231 icolailllpredecessores
1457 4159 1643 4232 Augustorum
1667 4178 1762 4220 saera·

118 4248 181 4304 pase
210 4233 246 4287 ad
271 4247 372 4287 annom
401 4231 469 4288 tait
495 4231 666 4287 adlrmantur
691 4233 725 4288 de
751 4234 916 4288 exarchatus
966 4239 1058 4286 mento
1074 4230 1290 4301 acquiescentes,
1311 4230 1427 4286 denoua
1444 4238 1546 4288 sanctae
1569 4229 1760 4302 wdsiurium

119 4302 369 4359 oestmemunm
383 4302 569 4374 pereumdem
592 4301 765 4372 liudolphum
780 4301 861 4360 iacta.
878 4305 914 4358 ha
964 4300 1136 4372 possessione
1147 4299 1264 4358 ineunda
1284 4300 1438 4357 nuhateuus
1457 4300 1601 4371 cogitasse,
1619 4301 1760 4360 Nicolaum

120 4372 263 4432 arsioetm
277 4372 466 4444 compendium
494 4371 627 4437 redaeu,
652 4379 716 4428 sunt
738 4371 914 4442 hujusmodl:
965 4386 1031 4427 rero
1084 4371 1339 4455 umpossessiouem
1352 4371 1517 4427 exarchatus
1535 4372 1630 4428 iniisse
1653 4373 1761 4430 ratione

122 4443 328 4502 «sumnam
346 4451 429 4498 utram
468 4442 531 4498 eab
541 4441 673 4516 Augustis
683 4441 806 4498 diadema
829 4442 916 4514 irnpe-
965 4387 1110 4497 admogsm
1121 4441 1228 4498 daroma
1242 4439 1763 4528 abitophanillexemplo.lstsslqul·

1201 749 1319 795 ectorem
1333 738 1519 809 imprudenter
1527 738 1754 809 remittit.ltaqus

1040 4388 1049 4427 ι

1064 4457 1082 4496 u

120 4514 186 4570 riale
203 4512 417 4584 suscipientibus
450 4511 577 4583 iplomate
599 4511 790 4570 confirmatum
813 4528 915 4570 sanese
930 4512 1044 4586 piem,
1058 4510 1293 4586 FulradoPippini
1308 4512 1381 4584 regis
1395 4511 1485 4582 legato
1501 4512 1668 4582 singulamm
1692 4514 1763 4571 erri-

120 4585 193 4650 ιιᾶς
208 4589 328 4638 tamena
346 4582 470 4653 pluribus
491 4581 598 4638 suculis
621 4583 649 4638 in
674 4591 809 4655 potestate
831 4583 915 4642 ltaliae
967 4590 1054 4637 tatum
1067 4582 1158 4637 dares
1169 4582 1320 4653 deponmte
1343 4597 1425 4655 super
1448 4583 1536 4639 uncti
1560 4582 1635 4639 Petri
1648 4598 1758 4657 corpus,

120 4651 915 4780 mumsdimhdabsilllibidini·
965 4652 1760 4792 {iiidimdi‘ia‘i‘diiidii‘bbliiihissm

119 4802 230 4850 taenara
243 4808 305 4848 cum
319 4738 429 4848 diogenio
441 4791 473 4847 lll
498 4739 728 4874 monastherium
743 4741 913 4864 imfflrissimo
966 4738 1145 4874 cmucllgrins
1167 4792 1327 4863 liudolphus
1354 4795 1388 4849 ab
1413 4764 1588 4851 liaarclaatus’
1602 4723 1761 4851 &aarum

120 4864 230 4920 undem
241 4864 360 4919 animae
373 4863 430 4918 suis
440 4863 564 4918 manibus
575 4864 752 4919 exarchatum
767 4865 910 4929 dinrisisse,
966 4861 1156 4932 nullopurccx
1208 4870 1269 4928 rata
1310 4863 1673 4935 uodputetexrlo'eunaeutis
1686 4866 1759 4935 apud

120 4933 290 4990 unimam
299 4935 380 4989 mmm
394 4948 491 4989 musas
504 4934 668 4999 aooessisse,
693 4934 789 5005 ingens
811 4936 912 4990 bulum
966 4931 1134 5003 llaynaldum
1147 4931 1172 5005 (1
1195 4878 1331 4997 7111.ἒό
1345 4932 1446 5006 scorp).
1465 4934 1520 4989 «Et
1530 4935 1571 4990 sie
1584 4934 1674 4991 motus
1685 4948 1757 5005 papa

120 5005 267 5060 lmndnens
284 5018 345 5060 com
359 5002 501 5068 Ottoemm
518 5011 629 5067 munau,
649 5017 684 5058 ue
700 5012 805 5062 tantum
825 5005 913 5077 ponti·
967 5003 1165 5074 possessionem
1176 5003 1290 5058 obtinet.
1308 5023 1318 5057 ι

120 5075 198 5131 mm
208 5075 247 5130 ab
260 5071 454 5138 aestimando,
468 5072 566 5129 Carula
587 5072 687 5130 Siclbae
698 5074 755 5145 regi
778 5073 912 5132 iarrmrem
1002 5072 1037 5127 ll.
1055 5072 1097 5126 Nil
1115 5079 1206 5127 autem
1222 5073 1332 5138 anirum,
1351 5073 1421 5129 bona
1441 5088 1504 5129 eum
1520 5073 1598 5131 uenia
1617 5074 1759 5130 annalista

119 5153 292 5216 conpararet
305 5144 434 5201 adsersus
450 5144 609 5215 imperium3
633 5159 666 5199 ac
680 5143 790 5200 demum
807 5144 915 5202 Crucia-
964 5142 1040 5207 itali,
1066 5141 1238 5212 liudolphum
1263 5144 1476 5213 predeoessores
1498 5143 1633 5200 imitatum
1658 5144 1760 5201 oonllr·

121 5225 154 5271 tae
176 5224 272 5270 notum
288 5216 323 5271 ab
334 5231 366 5272 se
377 5215 515 5276 uiolatum.
531 5230 615 5285 quare
635 5214 769 5271 summai
784 5215 914 5272 llexeu·
967 5227 1056 5269 masse
1066 5212 1242 5268 exarchatum
1255 5221 1283 5268 et
1300 5212 1468 5284 Pentapolim
1544 5215 1647 5285 legatos
1660 5229 1693 5271 ae
1708 5230 1758 5285 per

121 5287 301 5356 manans
310 5286 443 5342 obnoxius
455 5284 515 5340 lieri
525 5293 640 5357 poterat.
655 5283 744 5357 Super
754 5286 852 5356 qulbus
864 5302 913 5341 an·
966 5299 996 5341 sc
1012 5283 1119 5353 ipsum,
1137 5283 1184 5338 sed
1206 5282 1382 5340 nihilominus
1399 5300 1482 5341 esare
1501 5293 1576 5341 atum
1601 5284 1755 5357 melaniam.

121 5357 216 5413 salina
240 5357 369 5413 lectoren
384 5356 522 5411 remittere
542 5370 594 5412 nou
610 5365 721 5412 veretur
744 5355 779 5411 ad
801 5355 913 5412 annales
966 5352 1088 5409 Suericn
1111 5352 1243 5424 siquidem
1272 5352 1420 5411 invasionis
1448 5363 1569 5424 tempore
1599 5355 1757 5412 exarchatui

123 5425 252 5498 llaynaldi
281 5444 289 5482 ε
315 5428 444 5483 continuo
466 5433 557 5480 tanuen
579 5425 671 5482 subdit
693 5439 778 5496 pauca
798 5425 857 5482 baec
877 5442 911 5482 es
964 5423 1148 5480 llumandiolae
1165 5437 1263 5478 nomen
1287 5419 1387 5480 lactum
1408 5424 1509 5489 ineram
1530 5431 1661 5495 praterea
1678 5439 1758 5482 esar·

123 5498 241 5554 chronici
251 5497 405 5553 Parmensis
422 5504 554 5552 anctore:
576 5494 685 5567 Semper
701 5494 815 5551 domani
826 5498 914 5568 posti-
964 5496 1071 5558 chalus,
1084 5507 1152 5547 noua
1168 5492 1240 5548 intra
1258 5492 1463 5551 liommrdiolam
1480 5495 1556 5560 dltio,
1570 5503 1599 5551 et
1612 5494 1758 5554 comitatus

122 5566 255 5634 ficadrr
306 5567 373 5623 blico
383 5566 484 5638 aliquid
495 5565 583 5622 rolant
593 5580 742 5637 resumere,
758 5582 817 5620 curn
829 5567 913 5638 inape·
964 5562 1149 5619 Romaudiulae
1171 5562 1243 5633 apud
1263 5564 1410 5634 scriptores
1437 5574 1543 5621 ueteres
1572 5565 1756 5624 inveniuntur.

125 5647 251 5692 rotoma
281 5638 317 5691 ins
351 5638 418 5691 nam
435 5643 912 5700 mmmsnrur3nonconstare,rium
964 5633 1033 5689 Nam
1045 5632 1207 5690 Ptolomeus
1220 5630 1351 5691 Lucensis
1351 5635 1455 5760 *Secu
1469 5633 1533 5691 ital.
1547 5644 1613 5692 tom.
1631 5635 1678 5698 xl.
1692 5651 1756 5710 pag.

125 5704 288 5765 iurariaet
321 5705 596 5777 omaclunragnorint
610 5719 765 5777 supremum
778 5706 914 5777 pontilicis
965 5703 1093 5773 lldlllde
1107 5702 1341 5773 llmlolplsoaitzr
1374 5707 1517 5762 uncetinm
1531 5706 1757 5765 remitm’tssncle·

126 5775 290 5839 sanburn:
311 5777 458 5834 dornoniam
471 5776 556 5849 pactis
568 5775 651 5833 certis
660 5776 859 5834 conditionibus
872 5792 914 5833 ru·
965 5774 1012 5832 sis
1029 5777 1186 5833 comtatum
1205 5772 1390 5834 llomaadiolae
1406 5788 1467 5834 eum
1486 5778 1642 5836 exarchatu
1649 5777 1757 5835 nares
