4050 6192
249 374 301 435 ibi

693 368 724 424 li.
738 364 864 429 cadolt
883 364 990 423 bachi
1007 362 1087 422 Oi'l‘.
1107 357 1197 416 PARS
1215 356 1236 412 i.
1256 352 1378 413 SECTli)
1394 349 1437 407 lli.

1816 358 1864 415 abi
1875 390 1880 397 .

250 485 464 563 ptioaeIGrrtt.,
487 481 647 555 ascriptum]
669 482 832 539 breviarium
845 480 1045 549 chalcedonem
1060 487 1083 545 ,ι
1096 490 1159 531 curu
1187 471 1255 544 ipsis
1279 468 1354 525 uelut
1373 471 1588 522 consentaneum
1610 474 1671 516 eum
1694 461 1835 525 remorasset
1845 484 1867 530 r,

252 581 291 638 sis
305 576 443 635 couediia
462 573 580 644 quodam
602 571 761 628 Verecunda
775 571 901 641 episcopo
923 569 1044 630 editum,

1132 564 1187 621 Nos
1199 563 1319 633 quidem,
1333 559 1404 615 sicut
1428 556 1475 612 nti
1497 567 1602 617 sumus,
1617 555 1776 625 apocryphos
1797 560 1868 622 librar

252 684 334 740 quem
353 669 380 723 in
395 663 558 739 apocryphis
579 650 748 734 reperientes
769 661 910 717 laisidieua
923 660 1047 717 inuenie-
1097 672 1151 713 non
1171 653 1321 725 sequimur,
1344 648 1393 706 sed
1406 662 1455 704 eos
1467 658 1630 701 veneramur
1653 652 1681 699 ct
1702 647 1870 717 amplectimur

254 769 335 816 tnrr.
351 758 451 815 sauma
468 771 534 812 aero
554 753 687 811 catholiea
706 761 735 811 ct
754 753 903 824 apostolica
920 751 1050 823 spiritalis
1098 760 1166 816 quos
1176 753 1270 800 saneta
1281 740 1415 799 catholica
1431 747 1460 795 et
1470 734 1620 807 apostolica
1634 737 1870 810 suserpirEeclesia,

254 851 335 924 411
358 856 445 905 mater
457 855 549 902 restra
566 845 689 901 Romana
707 828 827 900 Ecclesia
853 858 907 899 nou
931 840 1050 898 breuiter
1100 837 1197 909 inqua
1218 833 1323 890 laudati
1333 848 1387 888 una
1400 845 1462 888 cum
1476 827 1532 884 lilia
1546 836 1639 884 nostra
1653 829 1796 898 etspirituli
1808 832 1872 891 inm.

257 944 306 998 scd
319 949 407 996 totum
421 945 544 995 mactum
561 943 589 992 et
602 935 754 1010 verrerabile
767 942 893 1005 quartum
903 931 1052 988 chalcedo
1100 935 1188 983 matre
1201 925 1299 982 domna
1315 922 1420 993 regina,
1446 931 1529 991 aeque
1542 926 1634 972 restra
1654 917 1873 988 triumpbaussim

256 1045 341 1087 aeriae
357 1027 524 1101 amplectens
544 1040 656 1096 prorsus
672 1018 827 1090 veneratur,
842 1016 874 1078 'et
895 1038 949 1079 non
971 1022 1053 1076 audet
1101 1018 1205 1082 subole,
1218 1014 1427 1088 permultorum
1443 1026 1577 1067 annorum
1590 1009 1723 1065 curricula
1733 1026 1809 1083 regno
1820 1030 1875 1084 per-

257 1119 410 1190 relioquere
427 1124 552 1174 aueum
564 1124 592 1172 et
613 1114 766 1172 uenerabile
784 1113 844 1184 ejus
863 1114 1052 1176 coustitutum,

1102 1109 1154 1164 lrui
1181 1106 1350 1179 dignemini,
1378 1112 1406 1160 et
1429 1117 1491 1158 curn
1515 1100 1618 1156 sanctis
1640 1100 1761 1157 omuibus
1780 1106 1877 1174 premia

256 1218 286 1266 et
303 1208 415 1279 exsequi
442 1224 459 1263 a
482 1206 600 1278 quodam
623 1205 725 1262 lactum
744 1204 925 1271 breviarium,
950 1202 1054 1259 nullam
1102 1206 1206 1253 aeterna
1224 1196 1250 1251 in
1271 1196 1324 1250 rita
1340 1202 1469 1265 perpetua
1494 1189 1594 1246 babere
1621 1190 1770 1247 valeamini.
1790 1192 1879 1250 luculu-

257 1298 464 1355 consonantiam
477 1303 580 1353 sanmae
593 1296 774 1353 institutionis
787 1295 901 1352 habens.
915 1293 971 1351 lios
993 1292 1054 1363 qni-

258 1392 320 1447 dem
334 1406 384 1463 pro
396 1399 472 1446 tauto
485 1403 579 1446 amore
588 1403 668 1459 quem
680 1402 746 1461 erga
755 1397 873 1445 restrum
883 1403 899 1443 a
911 1388 967 1445 lieo
978 1387 1056 1442 insti-

258 1490 346 1537 tutum
361 1481 480 1554 regalem
492 1480 642 1551 potentiam
656 1479 802 1545 habemus,
817 1479 966 1536 direximus
978 1479 1057 1535 robis

259 1573 400 1631 cseoderu
409 1581 505 1629 sancto
518 1580 546 1628 et
560 1570 706 1627 venerabili
720 1570 835 1628 coneilio
844 1577 909 1626 ante
921 1571 1057 1627 actionem

260 1667 320 1739 cius
340 1664 481 1735 exemplar
492 1663 614 1735 epistota
632 1663 721 1719 sancti
743 1662 842 1719 Leonis
864 1661 1000 1733 pontificis
1023 1662 1058 1719 ad

1105 1303 1175 1344 mem
1191 1286 1380 1344 excellentiam
1407 1292 1526 1339 uestram
1550 1281 1637 1353 gratia
1665 1294 1776 1349 superna
1798 1292 1878 1343 custo-

1104 1380 1171 1436 Μ.
1441 1461 1560 1519 Llixlv.

1316 1573 1398 1648 lla
1415 1571 1499 1629 iren
1518 1568 1688 1627 errsroua

1235 1686 1269 1726 ult
1285 1684 1395 1725 mnu!
1409 1681 1534 1723 carme!
1548 1680 1637 1721 HGE!
1652 1680 1773 1729 Ιιιλῑΰῐι,

262 1758 366 1815 clerum
379 1765 408 1813 ct
421 1755 527 1812 nobiles
540 1754 866 1825 Constantinopolitanae,
882 1762 1057 1825 aiquepopu·
1108 1759 1142 1817 ιιι
1165 1776 1218 1832 qao
1236 1760 1403 1815 continentur
1424 1758 1573 1882 pretiorum
1595 1757 1711 1811 uetiam
1732 1773 1778 1828 pro
1795 1757 1886 1815 maie

262 1849 319 1903 lum
332 1845 452 1916 eiusdem
466 1845 585 1902 civitatis
598 1845 726 1907 directae,
746 1853 808 1914 post
829 1852 919 1901 actum
933 1845 1055 1914 iniquum
1072 1827 1094 1885 Β
1142 1833 1212 1886 tione
1233 1839 1332 1885 reticii!
1351 1828 1401 1884 Dei

161 2008 165 2015 ῃ
261 1945 290 1993 et
303 1950 460 2007 perversam
481 1935 509 1989 in
524 1934 633 1990 Elesina
647 1932 764 2007 [lane.
786 1931 890 2000 Grata,
909 1930 1056 2005 Ephesios]

263 2026 331 2081 urbe
351 2025 500 2081 emendum
513 2022 659 2079 coucilirun
672 2022 803 2078 adversus
826 2030 951 2078 sanctum
974 2028 1002 2076 et
1015 2036 1059 2077 re·

262 2114 410 2171 nembllem
422 2113 581 2169 Flavianum
593 2111 718 2168 eumdem
726 2110 1058 2182 constantinopolitanum

263 2205 439 2276 episcopum,
467 2202 651 2259 corrdemnaos
681 2198 872 2271 impiissimum
900 2198 1058 2255 Dioscontm

262 2308 346 2370 atque
363 2296 506 2368 profanum
526 2292 711 2366 entymemb.
729 2290 878 2351 adhortans
887 2298 970 2361 atque
981 2305 1058 2346 eom·

265 2400 378 2443 arronem
403 2384 564 2456 predictum
588 2382 718 2455 populum
732 2390 763 2438 ut
780 2382 809 2437 io
822 2396 855 2438 ea
880 2380 933 2438 ilde
948 2394 1060 2452 ρεπιι-

267 2486 330 2534 neat
342 2477 371 2533 in
385 2491 438 2548 qna
455 2474 719 2532 Girriatianlssimum
732 2472 883 2545 principem
902 2486 996 2528 eornm
1011 2488 1061 2529 oo·

265 2567 305 2623 rit
317 2581 496 2640 permanere3
513 2564 575 2622 talis
587 2564 660 2620 colna
671 2564 759 2620 almus
772 2571 800 2618 et
816 2562 979 2619 venerabilis
997 2562 1059 2629 rir',

137 2656 147 2671 “
264 2667 347 2730 atque
365 2659 392 2714 in
417 2666 474 2713 toto
487 2657 554 2713 orbe
568 2665 678 2713 sanctus
700 2656 755 2713 Leo
772 2671 857 2727 papa,
882 2664 976 2712 noster
988 2670 1060 2726 prae-

264 2746 575 2821 cessoropiuatisslmus
586 2746 768 2818 praedicabilis
791 2745 852 2811 luit,
868 2753 899 2801 ιιι
916 2745 942 2802 si
958 2745 1061 2816 aliquid

265 2841 293 2897 in
308 2839 360 2897 lide
373 2841 502 2896 adversus
516 2837 698 2895 Theodosium
712 2839 903 2909 imperatorem
922 2839 1061 2896 scandali-

265 2936 357 2984 ratum
372 2926 477 2993 inisset,
488 2934 691 2996 nunquamposl
701 2932 792 2983 actum
803 2925 924 2996 iniquum
938 2936 966 2983 et
979 2926 1062 2983 latro-

266 3017 400 3076 ciniosum
422 3015 542 3073 meando
560 3015 589 3070 iu
603 3014 684 3072 Eteso
702 3014 815 3081 lactum,
834 3015 893 3085 ipsc
907 3017 1061 3088 praecipuus

267 3108 454 3166 ineatusPater
473 3114 585 3163 sanctus
598 3106 654 3163 Leo
673 3107 817 3162 lucretium
835 3108 982 3175 damnans,
1005 3108 1062 3164 lcu-

1434 1826 1566 1891 Jccieritc,
1590 1835 1614 1881 et
1631 1825 1669 1894 pie
1682 1828 1807 1881 territorio
1820 1825 1887 1884 Smi-

1142 1916 1231 1964 aenae,
1248 1897 1361 1972 qualiter
1374 1897 1555 1953 lincldaurius
1569 1895 1680 1979 [inumb.
1694 1935 1702 1960 ‚
1725 1894 1886 1970 lupinaria]

1141 1969 1311 2039 fidelissimas
1324 1968 1442 2039 ejsudem
1457 1965 1575 2039 precelsi
1594 1966 1679 2037 repit,
1700 1966 1783 2037 ipsam
1796 1968 1888 2020 terrio-

1143 2041 1213 2094 rr'unt
1233 2055 1294 2093 cem
1306 2039 1455 2109 intepritutc
1468 2036 1588 2108 partibas
1609 2036 1696 2090 macti
1712 2034 1782 2091 Petri
1797 2046 1890 2089 comra-

1142 2111 1204 2164 dere
1217 2108 1309 2164 coluit.
1330 2107 1384 2164 set
1393 2116 1499 2179 propter
1509 2106 1614 2177 miqsot
1625 2114 1705 2176 atqua
1715 2120 1839 2177 perversos
1848 2107 1889 2159 io·

1142 2180 1226 2234 rainer
1238 2179 1347 2233 minume
1358 2176 1443 2249 potuit
1454 2175 1482 2230 ι.

1152 2295 1215 2367 (Aa.
1228 2292 1307 2349 Dum.
1323 2292 1386 2361 ¹183,
1399 2291 1465 2349 θοι.
1481 2290 1544 2348 Cur.
1561 2307 1678 2360 cxxrrn,
1697 2292 1786 2348 chron.
1798 2290 1853 2361 ii.)

1109 2406 1347 2462 Ancuurnrm.-
1361 2403 1539 2477 blaginariom
1555 2403 1666 2460 venisse
1683 2419 1746 2460 cam
1757 2403 1843 2474 regiis
1855 2402 1893 2456 lit-

1145 2477 1212 2532 teris
1239 2475 1341 2532 amoris
1365 2474 1453 2545 plenis
1475 2488 1540 2546 erga
1565 2489 1595 2530 se
1615 2482 1645 2530 et
1663 2483 1783 2530 sanctam
1801 2473 1890 2529 sedeur.

1146 2546 1276 2601 Eumdem
1300 2545 1408 2601 tradere
1429 2545 1546 2601 uoluisse
1569 2545 1740 2601 territorium
1757 2543 1894 2599 sabinense

1145 2617 1203 2672 inte
1256 2632 1291 2680 ιιι,
1310 2623 1341 2671 ιιι
1358 2614 1451 2685 jussus
1467 2615 1565 2681 luerat,
1583 2623 1612 2670 at
1629 2624 1743 2687 propter
1754 2613 1895 2682 mahgnita

1145 2695 1207 2812 tt.
1219 2684 1895 2828 tellffllamdadainabiett

1146 2826 1312 2883 stitutionem
1333 2826 1370 2883 Se
1386 2841 1474 2897 neque
1490 2827 1691 2897 imperatorias,
1714 2838 1799 2893 neque
1817 2822 1898 2905 reqias

1148 2897 1286 2968 largitates
1296 2912 1403 2964 curare,
1416 2898 1462 2953 uni
1472 2895 1570 2953 (latoio
1576 2897 1729 2952 Sabinense
1743 2894 1897 2951 territorium

1147 2966 1282 3039 integrum
1296 2976 1437 3039 acceptum
1451 2965 1554 3023 reterre
1567 2983 1575 3033 ;
1586 3018 1590 3023 ,
1598 2974 1746 3038 propterea
1760 2972 1899 3036 opportune

1148 3036 1299 3110 legaturum
1313 3037 1412 3095 missos
1435 3053 1501 3094 suos
1520 3052 1581 3093 eum
1597 3036 1779 3100 documentis,
1803 3044 1831 3090 ιιι
1844 3031 1899 3087 inde

1148 3108 1250 3164 cerins
1261 3107 1397 3165 elucescat
1409 3115 1437 3164 et
1449 3109 1631 3178 subsequatur
1644 3107 1768 3163 allectus.

268 3198 360 3256 lasset
384 3197 466 3255 iidem
488 3196 647 3265 Theodosii3
670 3195 752 3272 m
775 3196 823 3255 sed
842 3197 929 3271 magis
957 3178 1098 3269 parier
1147 3197 1251 3256 homno
1268 3210 1280 3240 ι
1299 3197 1526 3255 excellentissimo
1543 3196 1607 3264 illio,
1633 3207 1783 3267 nostroque
1794 3191 1900 3268 spiritaii

265 3333 321 3407 pali
347 3333 479 3396 titulant
506 3332 703 3396 verecundum,
726 3330 840 3386 audiens
864 3327 946 3387 libelli
968 3339 1063 3387 aueto-
1112 3329 1179 3395 tte.
1204 3330 1365 3387 catholicam
1387 3329 1539 3386 doctrinam
1562 3338 1591 3386 et
1610 3329 1814 3387 damnationem
1826 3328 1902 3400 Euty-

267 3419 337 3472 rem,
350 3401 525 3460 adunandum
539 3402 601 3459 aliis
617 3402 750 3475 relinquo,
758 3401 883 3474 quisnam
896 3401 978 3457 luerit
990 3401 1063 3459 Pau-

268 3474 339 3531 linus
352 3474 414 3530 lste.
431 3472 515 3529 Gran.

1113 3399 1199 3456 rhetis
1213 3410 1241 3457 et
1256 3399 1388 3465 lhoscori,
1404 3401 1574 3472 aliorumque
1596 3400 1625 3456 in
1640 3400 1794 3459 latrocinali
1808 3414 1871 3471 syno
1881 3402 1901 3453 'o

1112 3482 1337 3543 congregatorum
1353 3484 1509 3540 exponens;
1534 3470 1627 3542 piures
1642 3471 1711 3527 itera
1728 3478 1833 3527 exstant
1852 3470 1903 3538 eqi-

302 3556 317 3585 ⁸
330 3542 408 3627 Apud
433 3542 570 3599 labbeum
581 3540 684 3614 (con,
700 3549 766 3599 tom.
782 3542 828 3607 lV,
841 3557 869 3613 p.
888 3540 933 3605 iili
956 3548 999 3598 est
1014 3539 1064 3598 ob-
1112 3541 1323 3599 stoieeamdem
1346 3556 1457 3596 causam
1471 3549 1643 3611 spectantes,
1664 3556 1773 3599 necnon
1795 3539 1903 3595 Anatolii

268 3612 533 3673 serranueditnrum
546 3613 737 3676 Romanorum,
757 3612 802 3683 qui
816 3627 873 3684 prm
893 3611 953 3668 aliis
968 3619 1063 3667 notant
1112 3610 1272 3669 electionem
1286 3611 1314 3666 ln
1338 3610 1459 3666 Flauiani
1484 3611 1651 3668 sanctissimi
1678 3611 1799 3683 episcopi
1822 3610 1903 3665 locum

268 3683 397 3739 ilareimd
417 3680 567 3739 orationem
599 3683 641 3738 bis
665 3696 808 3739 occurrere
832 3681 927 3739 iisdem
946 3681 1060 3738 verbis:
1112 3691 1176 3737 ante
1187 3683 1304 3756 primam
1314 3681 1449 3737 actionem
1462 3681 1581 3739 concilii.
1608 3681 1686 3750 Quas
1705 3678 1904 3753 prolectohaud

270 3772 282 3806 ι
300 3751 386 3822 liuius
401 3760 492 3808 autem
515 3752 666 3809 iterationis
691 3753 871 3820 occasionem,
894 3751 981 3818 aiunt,
1008 3750 1064 3807 ior·
1112 3752 1253 3831 ignorabat
1263 3749 1417 3819 dodanum
1437 3753 1483 3807 scd
1498 3751 1642 3815 Theodosii
1658 3752 1741 3809 iidem
1762 3750 1905 3808 vindicam·

268 3832 342 3879 tasse
389 3823 485 3879 raebuit
502 3822 702 3879 uetustissimus
733 3823 802 3878 liber
821 3823 934 3878 hatirms
953 3822 1063 3878 eonciiil
1113 3836 1161 3879 rus
1177 3821 1306 3877 adversus
1319 3820 1439 3876 libellum
1453 3821 1566 3881 Paulino
1580 3822 1725 3885 tributum,
1743 3821 1813 3877 hanc
1831 3834 1905 3875 unam

267 3893 324 3950 cm

421 3892 502 3958 cusis,
519 3894 566 3964 qui
595 3892 623 3948 in
649 3892 812 3949 bibliotheca
827 3893 956 3949 Vaticana
973 3906 1064 3947 asser-
1113 3907 1174 3964 quae
1185 3891 1362 3948 disertissime
1375 3891 1550 3966 honoratoris
1563 3890 1645 3948 idem
1658 3891 1843 3958 sommendat,
1859 3886 1907 3946 m

268 3972 359 4030 ratur,
379 3962 406 4018 ln
421 3977 475 4032 quo
497 3963 681 4034 praetermissa
692 3969 735 4019 est
752 3963 839 4034 prima
855 3963 937 4029 actio,
955 3970 983 4018 et
1003 3960 1063 4030 elus
1113 3960 1171 4018 rolo
1183 3962 1341 4017 mittendum
1352 3962 1467 4017 censuit.
1482 3960 1521 4020 io.
1552 3996 1556 4004 -

268 4033 328 4091 loco
339 4033 472 4104 reperitur
489 4033 579 4089 brevis
610 4032 714 4089 undam
731 4033 849 4103 epitome
865 4031 988 4101 ciusdem
1000 4047 1064 4088 con·

1149 4031 1357 4088 ⁸Theodosium
1376 4030 1494 4091 leritatis
1514 4031 1661 4102 nimiaeque
1684 4030 1852 4088 credulitatis
1863 4028 1907 4082 ho

269 4104 337 4168 eiiii,
352 4102 396 4158 cui
412 4102 523 4185 praelixa
538 4112 580 4159 est
638 4101 792 4158 cllarciani
809 4102 1063 4175 aispnoduruora-
1113 4101 1213 4157 minem
1228 4100 1350 4158 historici
1369 4117 1464 4158 omnes
1484 4102 1623 4157 damnant.
1647 4101 1786 4158 Praeterea
1800 4101 1909 4171 Chrysa·

269 4175 318 4240 tio,
333 4180 361 4230 et
386 4242 392 4256 ι
407 4180 433 4228 st
450 4181 584 4243 epitomen
612 4173 734 4241 sequitur
745 4172 864 4255 secunda
874 4172 947 4257 actio
959 4179 987 4226 et
1000 4171 1063 4255 aliae
1111 4172 1167 4241 phii
1182 4172 1298 4255 eunuchi
1312 4171 1416 4227 artibus
1423 4172 1564 4255 deceptum
1575 4172 1702 4228 Dioscori
1718 4179 1809 4242 partes
1823 4171 1908 4252 adrer-

270 4238 1062 4394 martianillam‘d'tt'ldtdi‘ltl
1111 4240 1765 4384 {ti{illidiitall⁸etltaiaiidr
1782 4240 1908 4370 illiti

270 4382 372 4438 debuit.
392 4381 624 4452 Eutychianorum
637 4389 727 4436 summ
751 4380 834 4438 luisse
855 4397 924 4452 opus
946 4380 1062 4438 inlerlur

270 4468 304 4506 er
316 4451 412 4521 primae
431 4450 546 4506 actionis
561 4451 676 4516 delectu,
691 4468 752 4522 quae
771 4452 893 4509 Dioscori
908 4459 935 4509 et
946 4451 1061 4508 aliorum

1112 4384 1158 4506 apl
1177 4382 1258 4438 etiam
1272 4381 1462 4438 animadvertit
1473 4381 1571 4437 cinna
1585 4382 1685 4439 ultioni
1700 4382 1847 4438 obnoxium
1857 4380 1907 4433 cito

1143 4454 1215 4518 isse;
1231 4467 1264 4506 ac
1276 4450 1396 4507 breuiter
1412 4451 1543 4508 ultionem
1563 4452 1652 4523 ipsam
1674 4453 1836 4509 describens
1857 4450 1907 4531 (an.

271 4534 400 4575 unacum
422 4519 555 4602 Ephesina
580 4521 682 4592 synodo
706 4523 906 4578 damnationem
928 4523 1059 4579 continet.
1112 4521 1173 4604 lib,
1188 4538 1215 4576 n.
1226 4521 1287 4604 ¹.⁷l²
1302 4540 1318 4604 r·
1327 4522 1378 4586 itui
1389 4522 1509 4604 quidem,
1528 4522 1625 4592 inquit,
1644 4530 1854 4595 attemperatum
1863 4535 1910 4573 mr·

269 4589 452 4657 Quamobrem
465 4599 536 4673 inter
545 4593 714 4663 apocryphos
724 4590 786 4661 lare
796 4594 981 4648 amandatura
994 4607 1061 4662 pon·
1077 4593 1258 4672 „scenordia
1273 4593 1319 4646 ber
1334 4592 1479 4647 uindictam
1494 4602 1624 4663 expertus
1639 4601 1684 4649 est
1698 4610 1706 4657 ;
1729 4593 1803 4663 quod
1823 4591 1908 4645 datum

247 4687 253 4700 ·
268 4657 354 4722 ilice,
368 4656 427 4727 elus
440 4674 512 4715 enim
523 4675 581 4717 mro
591 4670 678 4718 totum
691 4661 908 4719 Chalcedonense
917 4663 1061 4719 concinam
1114 4662 1151 4718 iiii
1172 4661 1207 4716 sit
1225 4670 1288 4716 ante
1301 4663 1420 4728 obitum,
1445 4662 1592 4717 admissum
1617 4662 1730 4719 lacinus
1755 4660 1906 4731 intelligere

270 4746 286 4783 a
302 4736 396 4784 sancta
407 4729 471 4785 sede
487 4730 679 4801 accipiebatur,
694 4740 724 4785 ut
736 4731 793 4802 ipse
810 4733 898 4788 docet.
917 4733 955 4788 lo.

1115 4733 1232 4788 remedia
1246 4746 1377 4800 quaerere,
1393 4733 1420 4787 in
1433 4740 1572 4788 auctorem
1587 4732 1698 4797 ulcisci,
1717 4732 1840 4787 Romano
1853 4744 1910 4799 pce

307 4798 385 4868 bip.
397 4797 483 4854 babo.
500 4796 603 4870 (Coae,
619 4809 685 4858 tom.
701 4801 744 4865 ιι,
757 4817 785 4873 p.
809 4802 854 4868 li,
868 4818 896 4856 n.
909 4801 955 4873 22)
974 4811 1065 4858 exstat
1115 4803 1179 4858 tiliei
1202 4802 1321 4866 obedire,
1342 4803 1483 4872 eidemque
1499 4803 1716 4868 communicare,
1735 4812 1765 4857 ut
1780 4803 1847 4856 date
1860 4813 1909 4852 mu-

270 4868 329 4923 hec
341 4867 439 4925 Leonis
451 4869 575 4942 epistola.
596 4871 661 4926 liuta
673 4872 767 4926 eadem
780 4872 842 4938 luit,
863 4881 1005 4943 postquam
1018 4873 1065 4928 lli·
1114 4883 1161 4928 tun
1183 4872 1279 4927 litterar
1301 4873 1407 4927 docent.
1424 4892 1433 4924 ι
1456 4871 1665 4928 Nihilominnsa
1682 4873 1737 4929 lide
1758 4882 1831 4928 reeta
1853 4882 1910 4924 earm

271 4937 344 4993 larus
359 4938 428 4994 diac.
450 4940 596 4997 cardinalis
610 4942 656 5010 qui
669 4941 753 4996 Leoni
774 4943 904 4997 suecessit
917 4942 943 4996 in
957 4952 1065 5012 aposto·
1117 4943 1263 4998 desciuisse
1282 4958 1401 5011 unquam
1412 4957 1465 4997 non
1479 4951 1596 5006 constat,
1611 4944 1671 4998 imo
1691 4959 1708 4998 e
1731 4941 1867 4998 contrario
1886 4939 1912 4992 in

271 5007 321 5063 lica
332 5009 406 5074 sede,
426 5008 548 5065 bioseori
561 5010 735 5069 Alexandrini
753 5012 892 5066 audaciam
914 5013 941 5066 iu
955 5011 1064 5067 concilii
1116 5012 1211 5067 eadem
1225 5012 1406 5081 permansisse
1422 5021 1537 5068 testatur
1554 5021 1670 5068 sanctus
1683 5013 1742 5069 Leo
1767 5010 1863 5067 litteris
1880 5009 1911 5063 ab

271 5076 399 5147 presides
409 5077 494 5136 Roma
505 5080 602 5137 missos
614 5082 743 5137 deludens
756 5094 804 5151 per
816 5081 892 5138 devia
904 5096 1007 5153 perque
1017 5083 1065 5136 im·
1115 5081 1235 5137 Adriano
1251 5082 1377 5137 laudatis.
1391 5082 1429 5137 lo.
1490 5088 1492 5091 ’

271 5162 364 5204 anema
378 5147 498 5219 pericula
513 5149 627 5208 Romam
638 5150 729 5215 rediit,
746 5158 774 5206 et
787 5150 953 5207 latrocinalis
967 5152 1062 5224 synodi

1150 5150 1163 5191 ἃ
1176 5152 1287 5223 Argum.
1303 5150 1385 5206 Panv.
1399 5151 1476 5223 (Cot.
1490 5150 1551 5206 Vct.
1561 5152 1604 5224 ii)
1616 5170 1624 5207 t
1637 5173 1647 5204 ι
1659 5151 1813 5211 Undecima
1826 5149 1913 5204 lanies

272 5219 408 5273 lurnestum
418 5227 544 5274 eventum
557 5221 706 5303 enarravit.
718 5220 840 5277 Flaviani
854 5222 980 5304 exsilium
1000 5231 1063 5292 post
1115 5222 1245 5304 quasdam
1258 5221 1348 5276 Caroli
1364 5221 1495 5288 continet,
1509 5218 1911 5300 etlcommemorateumlqra3

270 5287 364 5370 plagas
374 5304 390 5344 a
400 5288 532 5372 barsuma
546 5289 660 5365 ahisque
669 5291 859 5348 consentaneis
873 5291 961 5348 erdem
972 5292 1061 5347 illatas
1115 5291 1343 5374 narnmactiones
1370 5291 1489 5376 actione]
1509 5306 1558 5369 pro
1569 5293 1743 5348 exaltatione
1757 5301 1858 5373 sancta}
1868 5291 1911 5344 oo

271 5373 300 5413 m
312 5356 436 5426 concilio,
451 5358 560 5416 llrlarus
571 5360 690 5416 Leonem
703 5359 858 5428 edomuerat,
878 5362 925 5416 sed
945 5368 1061 5417 mortem
1115 5361 1253 5418 Ecclesiae.
1265 5361 1354 5417 indica
1379 5362 1413 5417 de
1426 5356 1914 5487 terntoriogaqro]Sabineusr‚qood

271 5426 347 5482 bren
370 5437 544 5485 consecutam
565 5430 715 5501 ignorabat.
732 5430 800 5486 vide
815 5431 967 5486 llcnsehen.
984 5433 1018 5487 ad
1032 5432 1060 5485 d.
1116 5429 1569 5505 llacbiuarins[hloneparins1iide

1589 5433 1694 5488 ssimus
1705 5431 1829 5502 ejusdem
1846 5427 1913 5499 regis

273 5496 316 5552 ts.
325 5494 456 5555 Febrnar.
467 5498 587 5568 Epistola
597 5500 772 5557 inscribitura
788 5519 799 5551 ι
813 5499 869 5557 Leo
880 5500 1023 5572 episcopus
1036 5510 1064 5557 et
1115 5502 1203 5572 ipsum
1216 5516 1278 5557 cum
1291 5502 1414 5571 partibus
1436 5502 1524 5557 saneti
1545 5502 1618 5558 Petri
1633 5504 1804 5559 contradere
1818 5500 1911 5573 [ipsrrm

271 5574 390 5623 sanetas
409 5570 504 5635 nodus,
516 5585 577 5641 quae
588 5572 615 5627 in
624 5572 692 5627 urbe
704 5570 840 5636 convenit,
850 5569 933 5635 clero,
947 5572 1064 5626 bonora-
1115 5578 1209 5627 sancto
1232 5570 1313 5626 Petro
1336 5570 1454 5645 tradere]
1475 5572 1611 5639 voluerit,
1634 5574 1687 5627 sed
1708 5573 1784 5643 quod
1808 5579 1912 5643 propter

272 5634 385 5716 tinebit
429 5637 595 5721 ‘epnslstem
609 5655 653 5712 ap.
675 5639 934 5723 Corrstantinopolim
956 5641 1063 5696 dilectis
1115 5640 1603 5711 iniquosatqueperversoshomiues
1616 5642 1737 5699 minime
1746 5643 1863 5716 potuerit
1877 5636 1914 5717 [ii

272 5704 336 5759 lllns
349 5704 375 5757 in
393 5707 506 5763 bommo
517 5710 658 5767 salutem.»
685 5710 804 5780 Eamque
825 5709 877 5764 aba
898 5708 933 5766 etl
951 5711 1062 5766 eosdem
1115 5711 1226 5766 minime
1238 5711 1361 5782 prestari
1369 5710 1515 5784 pomerii}
1532 5712 1594 5768 ιιι.

272 5775 521 5847 consequiturdata
542 5779 637 5837 eodem
652 5779 716 5849 dic,
742 5794 838 5853 ncrrrpc
859 5777 950 5839 idibus
963 5780 1059 5839 Octob.

1151 5779 1283 5843 ‘Senum
1298 5780 1341 5849 li„
1356 5780 1453 5841 damet
1463 5781 1541 5840 Ceut.
1554 5782 1661 5840 Garrs.
