4050 6192
264 312 315 367 967
698 305 725 361 b.
746 304 870 361 canuti
890 305 997 362 iltuit
1015 304 1090 361 ΟΡΡ.
1111 304 1202 361 PARS
1219 306 1250 361 ΙΙ.
1271 304 1394 362 SEC'HO
1417 307 1447 360 ll.
1838 320 1885 380 qqp

260 425 355 484 mritis
370 425 511 479 hereticos
529 421 687 476 damnantes
707 417 856 486 imagines:
873 436 883 467 i
900 416 933 470 Et
947 414 1044 483 imagi·
1059 414 1248 481 Acardinales
1258 415 1472 471 Bellarminuset
1483 417 1624 482 baronius,
1637 420 1712 490 ipsos
1721 423 1816 481 Patres
1827 442 1886 483 oen·

263 497 353 559 arpos,
372 492 470 561 inquit,
489 505 555 546 snus
574 491 659 544 honos
682 496 805 542 serratus
823 496 901 541 cst.»
929 486 1046 540 Blandus
1098 484 1153 539 cilii
1164 501 1256 541 corani
1267 485 1362 554 legatis
1372 487 1470 540 summi
1481 488 1617 555 pontilicis
1627 499 1655 544 et
1665 492 1753 560 princi
1797 497 1887 552 catho

263 565 356 620 ilecatl.
380 579 411 627 ii,
431 560 477 617 lili.
498 576 523 624 ι;
538 558 636 613 Sabell.
658 558 703 612 lib.
720 566 749 612 et
763 558 883 612 conrade
896 571 960 621 viii;
977 555 1050 608 Nau·
1100 553 1160 620 lieo,
1183 556 1326 623 septimam
1346 556 1479 624 synodum
1494 559 1658 615 auctoritate
1672 564 1748 630 pooti
1770 565 1812 618 cia
1829 582 1888 622 coii-

262 634 351 690 clerus
365 639 485 702 generat.
498 629 548 694 273
562 626 736 683 Gablisardus
747 624 912 681 Arelatensis
926 624 953 678 in
966 624 1050 679 Chro-
1099 624 1234 680 llrmataui
1244 624 1453 689 condemnasse,
1471 635 1499 680 et
1512 626 1631 685 Adriano
1649 646 1757 689 summo
1774 635 1887 702 pontitici

262 704 329 767 noh,
343 717 406 758 ann.
425 700 486 754 tto.
504 699 605 753 Alanus
623 696 751 767 predicto
765 695 823 750 loeo
841 694 923 750 relert
940 695 1049 748 hereti·
1100 695 1241 749 restitisse.
1264 692 1376 748 Accedit
1395 696 1467 765 quod
1487 695 1509 750 si
1522 696 1602 767 hujus
1623 702 1718 756 sinodi
1730 707 1888 760 auctoritate

262 787 324 828 cum
340 766 657 842 quemdamlhuselmum
674 764 734 820 Riid
750 763 897 819 affirmasse
912 763 1048 818 Nicenam
1098 761 1237 820 Niemnum
1248 762 1391 818 concilium
1413 765 1579 827 damnatum.
1601 758 1684 839 atque
1706 771 1744 826 ila
1756 788 1831 830 error
1841 775 1888 830 ico

262 843 393 898 svnodum
421 838 665 910 pseudoseptimum
687 834 830 890 concilium
860 834 1050 888 Constantine
1099 834 1294 890 nomaehorum
1305 848 1339 887 ex
1349 833 1420 887 mala
1434 836 1728 897 etiamiolormatione
1751 845 1836 912 reipsa
1846 859 1887 916 ap-

262 901 410 984 politanum
422 912 455 966 dc
466 906 604 963 abolendis
621 905 781 1028 imaqinihus
799 913 925 972 tanquam
945 903 1050 957 hereu-
1098 905 1227 975 probatus
1238 910 1320 966 esset,
1331 911 1479 982 certe-ante
1489 915 1581 961 nostra
1592 916 1725 979 tempora,
1738 911 1810 969 illius
1820 929 1887 970 erre

262 998 323 1038 eum
339 993 509 1040 exsecrasse.
524 977 648 1044 idemque
686 973 771 1029 scisse
790 973 937 1029 hdriaoum
951 986 1049 1042 papam
1100 975 1139 1030 ris
1149 972 1247 1042 aliquis
1257 979 1375 1027 sectator
1387 988 1446 1040 eyus
1455 976 1619 1033 auctoritate
1639 995 1812 1050 sesuamque
1831 999 1888 1039 seo·

262 1061 290 1109 a
302 1051 428 1107 Campum
444 1062 534 1117 regem
545 1043 753 1100 ymmyorqjae.
878 1109 884 1121 Ι
1100 1042 1213 1099 tentiam
1224 1042 1330 1096 munire
1339 1042 1488 1098 studuisset
1500 1062 1506 1096 :
1529 1048 1600 1113 quod
1612 1056 1704 1105 tamen
1715 1051 1805 1108 nullus
1819 1051 1886 1118 lecit,

297 1121 433 1176 Nicaenam
454 1134 473 1174 u
497 1116 628 1187 synodum
656 1129 672 1169 a
692 1112 818 1167 Patribus
840 1112 919 1179 huyus
942 1111 1048 1167 concilii
1099 1113 1218 1168 maxime
1228 1126 1290 1166 eum
1300 1110 1382 1181 paulo
1401 1121 1462 1181 post
1475 1113 1601 1171 Camlum
1614 1117 1741 1188 hlagnum
1762 1124 1887 1180 iraeadem

262 1192 465 1248 condemnatam
482 1201 543 1242 esse
565 1184 650 1239 sensit
674 1181 913 1238 reverendissimus
939 1189 966 1235 et
989 1181 1051 1235 illu·
1099 1181 1185 1237 Gellia
1197 1188 1307 1236 exortus
1322 1178 1402 1235 luerit
1413 1181 1542 1240 Claudius
1553 1186 1740 1254 laurinensis,
1762 1194 1807 1262 qui
1819 1209 1888 1248 erro-

262 1261 412 1318 strissiiuus
430 1255 577 1313 cardinalis
590 1254 731 1310 Batonius.
750 1251 810 1305 lam
823 1259 886 1305 ante
903 1249 978 1306 illum
994 1249 1051 1306 lere
1100 1266 1159 1307 rem
1179 1250 1254 1306 illum
1276 1251 1303 1304 in
1325 1248 1525 1307 occidentalem
1547 1255 1697 1313 Ecclesiam
1724 1260 1889 1318 introducere

260 1332 333 1388 idem
360 1329 413 1384 scri
434 1334 508 1382 serat
532 1322 773 1379 reverendissimos
803 1329 830 1375 et
853 1320 1051 1376 illustrissimus
1100 1321 1204 1377 soluit:
1227 1334 1307 1389 (ιιιιιιι
1331 1334 1398 1374 sans
1416 1321 1562 1391 plurimum
1582 1327 1746 1384 eondmiare
1765 1334 1887 1399 potuisset

260 1403 342 1457 etiam
364 1345 507 1454 cardinalis
534 1392 711 1448 bellarminus
738 1390 807 1445 libro
833 1404 872 1443 iu
899 1393 932 1444 de
955 1387 1052 1470 imagi·
1100 1390 1263 1447 auctoritate
1281 1388 1461 1444 Occidentalis
1471 1392 1584 1466 plenarii
1600 1397 1720 1463 concilii,
1742 1400 1887 1457 sim-rorem

260 1473 351 1531 nibus,
371 1482 431 1548 ooo.
446 1464 489 1529 ll,
513 1471 566 1518 etc.
597 1461 650 1517 Sed
673 1463 707 1515 ab
729 1474 823 1526 eorum
848 1466 981 1514 sententia
1008 1473 1052 1513 me
1100 1461 1177 1517 illum
1191 1458 1347 1515 delinitione
1357 1461 1554 1517 coodrmasset.
1576 1463 1612 1519 m
1622 1481 1725 1522 aaron
1762 1486 1795 1525 ue
1813 1470 1887 1525 Clau-

259 1554 344 1609 prope
356 1538 471 1591 inritum
481 1533 618 1588 abducunt
631 1532 690 1585 due
703 1529 821 1584 rationes
830 1542 952 1595 ,quarum
964 1528 1051 1597 prima
1101 1531 1162 1586 dius
1173 1529 1202 1582 in
1212 1543 1292 1584 suum
1302 1527 1423 1583 levorem
1434 1530 1498 1586 illud
1508 1533 1629 1600 adduxit,
1650 1551 1740 1606 neque
1765 1554 1830 1594 onas
1839 1539 1888 1595 du·

260 1619 303 1664 est
320 1606 392 1677 quod
409 1618 471 1660 cum
485 1602 605 1657 historie
617 1607 644 1654 et
659 1607 719 1653 acta
728 1597 834 1653 concilii
848 1597 966 1652 reserant
976 1597 1051 1667 lega-
1101 1598 1270 1661 retenensis.
1283 1596 1331 1666 (11ιί
1341 1604 1436 1652 llinis&
1447 1599 1520 1655 ἰΙΙιιιῐι
1532 1604 1627 1659 0⁰de
1644 1613 1768 1678 tempore
1778 1609 1886 1679 ιιιὶιιιῑῑ,

260 1691 304 1734 ¹⁰3
316 1675 414 1733 summi
429 1671 564 1742 pontificis
583 1668 709 1731 portioni,
725 1682 794 1737 qnos
804 1665 861 1722 hdo
880 1667 907 1720 in
918 1666 1052 1722 Chronico
1101 1676 1129 1723 et
1140 1668 1211 1722 illius
1222 1666 1395 1723 lundomenta
1406 1668 1564 1733 eoulutarit,
1581 1676 1729 1744 quidquam
1740 1678 1773 1732 de
1782 1679 1887 1734 modio

260 1750 336 1804 'lheo
356 1744 490 1815 hylactuiu
507 1748 534 1795 et
546 1739 712 1809 Stephanum
724 1737 853 1799 nominat,
865 1735 1052 1817 huiccoiicilio
1068 1735 1336 1819 girancolordicnsi
1358 1740 1512 1806 respondit,
1531 1741 1573 1796 vel
1593 1745 1683 1813 quoad
1704 1746 1774 1802 hane
1826 1755 1887 1802 rtem

260 1762 424 1878 profluimus,
437 1811 495 1866 lieri
507 1808 686 1878 nonpotueiit
694 1815 723 1861 ut
734 1805 969 1862 totumconcillum
980 1819 1054 1874 igno·
1103 1807 1222 1876 scripsit.
1244 1804 1320 1861 hildo
1331 1807 1364 1861 ad
1375 1816 1536 1874 extremum,
1557 1816 1630 1881 quod
1641 1814 1765 1870 Romana
1828 1817 1887 1873 lesia

261 1886 363 1942 raverit
374 1899 426 1954 qua
437 1880 598 1936 auctoritate
608 1893 671 1933 vera
684 1877 798 1945 septima
811 1876 928 1945 synodus
945 1873 1053 1930 Nicena
1102 1876 1207 1932 nullum
1217 1889 1336 1943 unquam
1346 1878 1511 1944 provinciale
1526 1882 1672 1939 concilium
1689 1887 1778 1954 quoad
1791 1895 1886 1956 partem

260 1961 432 2027 congregata,
445 1959 473 2005 et
487 1949 551 2019 quid
566 1949 593 2003 in
604 1965 636 2003 ca
650 1947 790 2002 delinitum
801 1944 891 1998 luerit.
910 1943 1053 1999 Nemeum
1102 1946 1220 2014 aliquam
1232 1944 1313 1998 etiam
1324 1947 1513 2014 approbaverit
1533 1958 1560 2005 et
1570 1956 1720 2021 receperit,
1743 1957 1770 2011 iu
1780 1972 1831 2013 suo
1840 1957 1886 2011 alia

261 2028 319 2082 haee
334 2025 452 2095 synodus
471 2018 551 2089 paulo
571 2027 634 2072 ante
650 2018 700 2072 sub
711 2018 804 2070 eodem
817 2012 945 2083 pontiliee
958 2022 1052 2069 coacta
1102 2015 1262 2085 quadames
1284 2023 1360 2082 parte
1380 2030 1442 2069 cum
1461 2018 1609 2085 pertinacia
1630 2032 1657 2077 et
1674 2024 1771 2080 berosi
1790 2015 1887 2082 aheim·
1989 2051 1992 2064 ·

259 2103 340 2158 esser,
352 2110 407 2150 noo
421 2096 566 2161 potuerunt
580 2087 661 2154 legati
678 2083 799 2153 ejusdem
812 2082 945 2153 pontilicis
956 2091 1052 2137 aucto·
1103 2094 1160 2139 tum
1181 2083 1272 2137 luerit.
1289 2083 1346 2138 lloc
1365 2086 1531 2153 provinciale
1550 2093 1705 2156 concilium,
1747 2096 1815 2152 uoatl
1832 2110 1886 2151 eam

259 2169 368 2221 ritatem
389 2170 418 2216 et
431 2159 581 2216 doctrinam
606 2157 678 2212 illius
699 2156 832 2224 ignorare.
856 2153 927 2221 Ergo
944 2150 1052 2207 etiamsi
1102 2163 1206 2224 partem
1217 2155 1497 2221 quedeserrituteet
1508 2155 1635 2215 filiatione
1647 2161 1750 2219 Chrisu
1766 2164 1885 2230 dellniiit,

256 2236 318 2291 lalsi
330 2246 455 2289 rumores
465 2227 551 2298 sparsi
563 2236 654 2282 essent
674 2227 707 2281 de
718 2225 763 2278 illa
774 2240 811 2278 vn
824 2223 936 2294 syuodo,
958 2230 988 2303 ut
997 2221 1053 2276 Ge·
1102 2224 1137 2279 ab
1147 2222 1268 2277 Ecclesia
1279 2229 1417 2292 receptum
1428 2233 1455 2278 et
1465 2229 1641 2347 approbatum
1652 2246 1715 2288 esse
1725 2248 1803 2304 supra
1813 2249 1886 2289 anno

258 2304 409 2360 riebiardus
419 2300 510 2355 nescio
521 2313 574 2366 quo
585 2296 759 2351 laudamento
769 2291 894 2355 alllrmat,
902 2298 1051 2373 potuissent
1103 2293 1172 2356 tavi;
1184 2307 1238 2346 oon
1249 2299 1292 2347 cst
1303 2307 1369 2362 ergo
1379 2295 1482 2349 credibi
1493 2311 1509 2350 e
1528 2300 1600 2367 quod
1611 2301 1707 2357 eodem
1721 2304 1771 2358 boc
1781 2303 1886 2359 concilio

259 2374 354 2430 Patres
376 2370 483 2427 concilii
511 2364 773 2422 Francorlordiensis
799 2362 930 2431 elegatis
953 2376 1052 2416 summi
1102 2361 1885 2438 Nicenasynodusullamtionecaadeninataluerit.0ua're

259 2443 396 2514 pontilicis
407 2439 513 2502 instrui,
532 2437 669 2507 ipsiusque
683 2451 720 2489 iii
736 2432 830 2504 synodi
847 2431 955 2499 scriptis
968 2428 1052 2485 inlnr·
1102 2445 1156 2487 non
1175 2446 1286 2502 mesum
1306 2447 1360 2486 non
1381 2434 1432 2488 bac
1451 2433 1479 2488 io
1499 2442 1530 2492 re
1548 2438 1622 2494 illam
1642 2443 1714 2497 tueri
1734 2442 1884 2497 scntcntiam

259 2514 328 2569 maii
348 2510 492 2568 aodoceri.
508 2508 565 2562 imo
586 2521 648 2561 cum
668 2503 814 2559 celebratio
825 2500 924 2582 [limaci
945 2499 1052 2556 concilii
1102 2502 1380 2571 queauctoritatihns
1401 2510 1429 2556 et
1438 2505 1588 2563 rationibus
1606 2524 1689 2580 supra
1705 2512 1822 2579 allegatis
1831 2527 1883 2565 inii·

259 2591 333 2639 essct
343 2582 369 2637 in
385 2582 510 2636 universa
523 2576 643 2632 Ecclesia
655 2591 700 2631 res
710 2573 884 2629 celeberrima
896 2578 923 2625 et
935 2572 1053 2626 maxime
1101 2573 1169 2635 nita,
1181 2571 1346 2626 sacrosancti
1357 2575 1516 2630 meumeuiei
1528 2577 1634 2633 concilii
1651 2580 1753 2638 Nicami
1774 2597 1792 2635 ιι
1804 2588 1884 2636 aucto-

258 2653 403 2725 publicata,
415 2665 469 2705 non
480 2656 522 2703 est
532 2646 661 2702 credibile
671 2646 743 2714 quod
755 2644 826 2698 inter
836 2641 977 2711 episcopos
990 2640 1051 2694 uui·
1102 2642 1212 2696 ritatem
1227 2649 1321 2696 eontra
1333 2656 1428 2697 omnes
1438 2644 1628 2703 iconomachos
1643 2650 1789 2719 plurimum
1803 2650 1883 2706 delm-

259 2739 346 2779 verse
355 2721 448 2777 Gallie
459 2728 486 2773 et
496 2716 647 2773 sennanim
658 2716 773 2770 hocloco
783 2720 960 2781 congregatos
971 2725 1052 2767 nemo
1102 2710 1150 2774 dit,
1162 2719 1276 2767 exornat
1285 2719 1313 2766 et
1323 2719 1412 2782 auget.
1436 2711 1489 2769 Sed
1499 2715 1582 2783 dices,
1594 2720 1712 2787 quidest
1732 2721 1882 2791 responden·

257 2802 382 2864 mnus
403 2790 496 2851 suem,
515 2788 559 2843 cup
575 2788 782 2909 decongrofaia
803 2781 918 2849 septima
938 2780 1051 2863 'Nicaeae
1081 2778 1879 2864 ‚dumaduauetoritateslibrorumCarolinorum,ilincmarli

258 2864 371 2934 ,ΜΨ
387 2861 478 2930 ejusve
492 2874 541 2928 per
550 2857 704 2926 pontificem
727 2862 787 2909 acta
805 2852 998 2932 approbatione
1008 2866 1051 2932 ¹¹¹?
1100 2848 1230 2916 himomi,
1251 2850 1356 2906 abbatis
1378 2851 1580 2923 urspengensis,
1602 2857 1760 2931 heginoois,
1790 2859 1882 2916 Amori

259 2935 297 2989 hii
308 2933 387 3003 plane
399 2928 560 2987 constiterit.
577 2926 688 2982 Accedit
698 2926 769 2994 quod
779 2936 856 2979 error
866 2920 911 2976 ille
921 2920 1051 2976 adorandi
1101 2918 1251 2975 etloannis
1269 2919 1406 2986 Aventini,
1428 2924 1580 2992 qolomnes
1595 2927 1733 2986 affirmant
1752 2930 1879 3000 septimam

257 3003 391 3073 imagines
403 3009 433 3056 ut
446 3001 519 3062 deos,
541 2998 631 3067 potius
641 3003 682 3051 est
701 3010 777 3050 error
797 2990 947 3061 gentilium,
969 3004 1051 3060 quain
1102 2991 1235 3060 synodum
1246 2990 1273 3046 iti
1284 2991 1399 3047 concilio
1409 2991 1642 3054 Franoolordieusi
1654 3001 1803 3056 damnatam
1813 2998 1881 3054 esse?

258 3074 410 3143 aliquorum
424 3070 630 3132 hereticomm,
645 3065 790 3121 releomm
820 3059 938 3117 uilidem
948 3060 1050 3117 Christi
1102 3060 1269 3129 despondeo,
1293 3062 1397 3117 liiiersi
1418 3063 1523 3119 diversa
1544 3068 1682 3138 sentiunt3
1702 3069 1808 3132 Alanus,
1821 3067 1880 3122 San-

278 3143 429 3199 rolltentur.
455 3140 526 3210 Ergo
546 3137 618 3192 nulla
634 3136 739 3191 ratione
757 3150 773 3190 c
822 3132 886 3186 ibilc
905 3138 957 3194 est,
978 3131 1050 3212 quod
1064 3111 1088 3174 C
1103 3131 1184 3212 decus
1202 3138 1230 3185 et
1241 3129 1503 3203 Suriuslocissupra
1516 3136 1640 3208 allegatis
1660 3141 1762 3203 dieunt,
1781 3138 1880 3208 pseudo

298 3211 438 3267 llarmiuus
459 3217 487 3264 et
507 3206 638 3263 Baronius
658 3204 813 3260 existimant
829 3200 923 3257 Patres
944 3200 1052 3254 concilii
1102 3208 1268 3269 septimanis
1287 3202 1386 3256 nodum
1407 3204 1458 3258 sub
1472 3203 1642 3291 Copronynio
1664 3206 1877 3277 Constantinopoli

259 3279 511 3337 francofordiensis
535 3278 564 3332 id
583 3276 761 3337 existimasse,
783 3279 830 3327 aut
848 3279 958 3342 propter
980 3269 1052 3326 solos
1103 3216 1385 3327 habitamassairibus
1395 3271 1474 3341 hujus
1484 3277 1590 3331 concilii
1600 3280 1802 3335 condemnatam
1811 3287 1876 3342 essm

260 3348 513 3408 rumoraslalsosid
525 3355 627 3402 temem
642 3344 797 3407 credidisse,
818 3340 968 3410 presertim
989 3356 1052 3396 curii
1103 3340 1151 3397 sed
1161 3356 1222 3396 cum
1232 3343 1353 3411 praedicti
1365 3342 1574 3417 historiographi
1585 3350 1706 3404 scribant
1715 3362 1805 3404 omnes
1814 3347 1876 3402 illam
1990 3373 1991 3380 ι

259 3423 330 3477 nulla
345 3429 409 3476 tunc
419 3426 491 3475 esset
501 3417 529 3471 in
540 3416 660 3472 Ecclesia
671 3414 742 3469 illies
752 3412 853 3468 erroris
862 3409 989 3479 suspicio,
1001 3410 1053 3480 pii·
1102 3413 1234 3481 synodum
1255 3412 1395 3479 septimam
1417 3413 1461 3469 hic
1478 3418 1687 3473 condemnatam
1707 3434 1765 3489 qua
1778 3432 1824 3487 pro
1837 3415 1877 3469 ad·

258 3508 311 3562 que
324 3500 352 3547 et
371 3489 497 3546 catholici
521 3485 622 3542 luerint
641 3485 684 3555 epi
750 3481 860 3552 ihujus
879 3481 996 3544 concilii,
1019 3481 1053 3536 do
1102 3480 1783 3549 orandisimaqinihushabitaestsubConstantino
1799 3486 1877 3542 etlre

258 3562 357 3632 quilius
366 3559 496 3629 suspicari
508 3573 561 3612 non
578 3557 658 3612 liceat
667 3571 702 3625 qu
758 3567 841 3622 praro
852 3552 942 3621 aliquo
953 3550 1052 3606 affectu
1102 3564 1146 3614 ne,
1158 3550 1217 3606 sine
1227 3552 1309 3607 dubio
1324 3567 1378 3607 non
1390 3552 1463 3607 illam
1472 3557 1734 3626 pseudoseptimam,
1745 3557 1789 3613 scd
1798 3554 1876 3626 potius

258 3646 326 3696 eraa
338 3629 489 3686 Orientalcs
503 3626 645 3689 commoti,
658 3623 784 3678 Patribus
802 3621 966 3678 sacrosancti
986 3635 1051 3676 con·
1102 3635 1193 3676 veram
1204 3622 1347 3691 septimam
1358 3624 1489 3693 synodum
1510 3641 1557 3681 eos
1568 3626 1733 3684 intellexisse
1741 3626 1874 3682 coneeden-

260 3700 317 3757 cilii
329 3699 430 3756 Nieaeoi
441 3711 558 3754 errorem
570 3695 752 3756 attribuerint,
775 3691 818 3747 rel
829 3707 922 3747 eorum
942 3698 1053 3746 senten-
1102 3689 1166 3744 dum
1177 3698 1235 3756 cst;
1254 3691 1318 3761 quia
1330 3692 1403 3756 brec,
1416 3705 1468 3748 non
1480 3695 1524 3749 illa
1544 3710 1593 3765 pro
1604 3698 1747 3754 adorandis
1765 3692 1873 3762 iniqni-

258 3773 325 3825 tiam
336 3771 421 3826 instar
433 3768 621 3824 haereticorum
642 3765 669 3819 in
680 3763 840 3821 deteriorem
850 3769 954 3831 partem
968 3760 1053 3815 inter·
1101 3758 1377 3829 bustemporelrenm
1397 3763 1576 3832 imperatricis
1595 3765 1797 3823 celebrataluit.
1818 3763 1870 3818 Vas·

278 3841 357 3895 rctati
376 3838 485 3894 luerint.
504 3837 597 3892 Altera
614 3835 697 3898 ratio,
721 3847 782 3903 quae
803 3847 848 3887 me
869 3829 1005 3886 allaronii
1025 3837 1052 3885 ct
1102 3829 1182 3898 quius
1193 3829 1263 3886 libro
1274 3845 1294 3884 ιι
1306 3832 1339 3886 de
1349 3830 1459 3886 hdorat.
1481 3849 1540 3903 cap.
1555 3835 1581 3899 i,
1602 3836 1644 3891 dis
1664 3837 1787 3892 utationis
1805 3830 1874 3913 septi·

258 3856 421 3965 hortamini·
433 3908 567 3963 sententia
587 3905 723 3975 compellit
742 3901 887 3966 recedere,
909 3901 967 3955 huc
987 3908 1050 3955 est:
1102 3913 1161 3963 mm,
1170 3899 1269 3970 aliique
1278 3899 1369 3970 plures
1379 3902 1539 3968 concedunt,
1548 3905 1619 3975 apud
1629 3852 1797 3962 theomarum
1806 3902 1872 3957 alios

259 3982 331 4049 quod
342 3979 436 4034 Patres
446 3975 526 4047 huius
536 3975 643 4032 concilii
661 3989 732 4055 supe
752 3970 929 4054 profiteantur
944 3986 977 4054 'se
987 3985 1052 4052 pro-
1102 3982 1154 4092 3¹·oe
1173 3971 1316 4048 praedictos
1337 3971 1482 4043 scriptores
1504 3989 1594 4029 rerum
1614 3975 1827 4031 Germanicamm
1845 3969 1872 4022 tle

259 4050 356 4105 cedere
378 4049 429 4104 sub
443 4048 594 4103 obedientia
615 4045 727 4100 Romani
737 4042 888 4110 pontillum
905 4049 933 4095 et
944 4056 970 4094 in
981 4040 1052 4094 libro
1126 4053 1209 4094 recena
1227 4041 1333 4112 synodo
1353 4056 1504 4098 sermonem
1524 4060 1598 4110 esse;
1621 4047 1669 4101 sed
1681 4047 1716 4109 id,
1738 4037 1873 4114 quodrelt·

260 4118 449 4190 Sacrosyllabo
465 4118 516 4172 sub
531 4117 623 4181 linem,
635 4115 698 4169 dum
711 4111 872 4168 sententiam
886 4118 980 4166 contra
994 4110 1052 4164 hce-
1102 4117 1173 4171 runt,
1189 4107 1286 4165 lalsum
1304 4125 1379 4176 esse,
1396 4110 1517 4181 lalsaque
1535 4114 1739 4183 pseudo-Caroli
1758 4111 1872 4168 relatione

260 4189 360 4244 reticos
379 4187 533 4257 prolemnt‚
550 4184 646 4253 sublim
682 4191 712 4237 nt
734 4183 791 4237 haec
808 4181 939 4260 t‘erbuttt
954 4179 1053 4260 liescr-
1101 4179 1227 4247 deceptus
1247 4181 1284 4234 lta
1300 4180 1432 4245 sensisse,
1454 4182 1574 4253 adeoque
1594 4199 1648 4241 non
1670 4183 1793 4253 maiorem
1803 4179 1870 4234 ddeiii

261 4267 323 4314 rato
340 4200 717 4327 peroinniay'urispriiifengio
734 4249 831 4306 summi
851 4247 987 4330 pontilicis
1004 4249 1052 4330 ilo3
1101 4247 1167 4317 ipsis
1180 4262 1270 4371 Equam
1290 4249 1535 4319 pseudo-Carolinis
1560 4253 1673 4320 libellis,
1693 4248 1870 4309 aiiiibuemliu

259 4328 325 4384 mini
336 4336 363 4383 et
374 4326 463 4381 Patris
482 4325 566 4380 nostri
586 4323 696 4377 Adriani
713 4322 806 4392 primm
821 4320 893 4374 sedis
903 4320 1051 4374 beatissimi
1101 4331 1170 4371 esse.
1203 4334 1311 4387 gavero
1324 4318 1652 4380 cumFranciscoSnarea
1667 4325 1725 4380 rire
1735 4317 1870 4377 doctissimo

258 4412 349 4468 papan
367 4418 376 4449 i
397 4396 461 4450 item
476 4396 546 4465 quod
556 4394 637 4448 iidem
649 4392 742 4446 Patres
752 4390 779 4444 in
790 4389 842 4445 hoc
855 4387 969 4443 concilio
979 4402 1051 4457 saepe
1101 4387 1195 4456 opinor
1208 4389 1331 4460 (suarez,
1343 4389 1440 4455 rerinl,
1452 4391 1519 4475 disp.
1531 4392 1575 4446 at.
1588 4394 1685 4456 recidi
1696 4395 1762 4448 hanc
1773 4399 1870 4456 marti·

258 4469 445 4537 profiteantur,
462 4480 491 4518 se
502 4463 632 4546 maiorum
646 4461 804 4516 traditiones
823 4458 899 4528 sequi
920 4458 1051 4513 etabeo·
1065 4445 1204 4539 Dolonem
1225 4457 1339 4513 inlimiis
1351 4456 1513 4526 conjecturis
1534 4472 1560 4517 et
1575 4464 1736 4520 testimoniis
1756 4461 1809 4522 niti.
1820 4467 1870 4525 ιιι(ο

260 4552 320 4590 rum
331 4534 513 4602 vestigiisnnn
525 4533 677 4588 discedere:
690 4526 1049 4599 eiquodcmotusttagnus,
1101 4526 1153 4582 sibi
1173 4528 1239 4596 ipsis
1258 4543 1312 4584 non
1329 4537 1464 4584 constant.
1852 4591 1858 4603 ¹

281 4605 305 4657 ui
318 4602 381 4658 huic
401 4603 515 4657 concilio
535 4601 672 4664 interluit,
694 4602 721 4655 in
735 4597 847 4669 epistola
867 4598 902 4653 ad
911 4599 1051 4667 episcopos
1139 4590 1867 4671 rNeminprimis,utincipiamusaprailationcEli-Phili.

260 4620 397 4755 hispaniae
411 4672 498 4736 dicat,
514 4687 544 4727 se
564 4671 696 4741 inprimis
709 4668 877 4725 consuluisse
896 4668 1051 4736 apostolicae
1101 4663 1870 4742 inqmtotusdtscorsussepedoii'srcspoosioiiispraeeipye

260 4745 333 4798 sedis
345 4742 507 4811 pontificem,
524 4742 587 4811 quid
607 4742 641 4796 de
662 4756 743 4796 causa
763 4740 790 4794 iii
802 4738 848 4795 illo
867 4737 981 4794 coneilio
996 4746 1051 4791 tra·
1101 4735 1317 4801 lundatur‚nulla
1328 4737 1394 4793 lidcs
1404 4740 1428 4794 ci
1439 4741 1560 4795 adhiberi
1590 4751 1659 4797 otest
1672 4761 1678 4799 :
1690 4728 1869 4799 necterisiuttlt

262 4820 334 4866 ctata
346 4811 478 4866 sentiret:
500 4813 625 4880 quodque
635 4811 714 4892 paolo
734 4808 803 4864 inlra
814 4810 871 4864 hacc
885 4807 966 4862 rerba
980 4807 1051 4862 sub
1101 4814 1143 4862 est
1158 4806 1276 4876 reliquos
1292 4823 1387 4863 omnes
1398 4809 1542 4866 historicos
1552 4756 1589 4865 illl
1600 4812 1649 4866 soli
1662 4811 1742 4867 luisse
1755 4804 1856 4882 inrisos

258 4883 373 4954 jungat:
395 4899 404 4930 ι
419 4880 578 4950 Apostoliee
590 4882 657 4943 sedi,
679 4889 707 4936 et
716 4878 834 4960 antiquis
855 4878 889 4933 ab
910 4876 986 4933 initio
1005 4889 1052 4931 na·
1139 4876 1251 4958 ‹Pr-imo
1261 4878 1379 4946 quidem,
1391 4879 1454 5001 quia
1465 4889 1590 4936 auctores
1599 4879 1769 4951 pzmceumiis
1781 4880 1866 4949 ⁰l'¹!¹‘?

261 4952 363 5008 secutis
373 4951 500 5006 Ecclesiae
512 4959 539 5007 et
549 4951 687 5006 catholicis
698 4949 887 5004 traditionibus
902 4953 958 5002 teta
979 4962 1052 5002 men-
1101 4947 1145 5001 nis
1161 4947 1286 5002 dubitant
1297 4963 1332 5002 an
1346 4948 1372 5001 in
1386 4947 1394 5001 i
1407 4949 1430 5002 la
1442 4950 1599 5018 prelatione
1613 4960 1641 5005 ιιι
1653 4961 1693 5006 est
1708 4952 1733 5003 iri
1745 4960 1790 5003 suo
1802 4951 1868 5004 (tillr

261 5023 298 5078 tis
308 5021 465 5085 intentione,
478 5031 533 5076 tota
544 5021 634 5076 cordis
646 5020 785 5075 alacritate
794 5015 972 5087 conjungar.»
986 5016 1052 5083 uim
1102 5017 1173 5082 nali,
1184 5015 1425 5074 Franeolordiense
1439 5021 1582 5080 concilium
1599 5022 1764 5076 nominetur:
1781 5019 1805 5066 cl
1816 5019 1869 5077 pio·

261 5106 327 5146 sanc
338 5091 431 5145 Patres
441 5091 546 5147 concilii
561 5091 683 5161 proliteri
694 5106 747 5145 noo
757 5090 918 5158 potuissent,
929 5089 953 5142 si
964 5102 1053 5143 sacro·
1103 5087 1352 5150 habiliuscredunt,
1369 5089 1552 5157 parenthesim
1569 5091 1652 5157 illam,
1671 5093 1696 5146 in
1727 5082 1867 5142 uererer

259 5171 383 5217 sanctam
395 5160 530 5216 Niecnam
547 5160 677 5231 synodum
688 5177 703 5213 a
714 5162 778 5216 sede
792 5159 938 5228 apostolica
952 5157 1052 5213 conflr-
1102 5156 1245 5213 leodiensis
1258 5158 1364 5213 concilii
1383 5157 1414 5212 lit
1427 5161 1538 5222 mentio,
1551 5160 1635 5216 luisse
1651 5162 1684 5216 ab
1697 5105 1754 5215 aviis
1769 5153 1865 5214 inerit

261 5240 362 5286 mamm
382 5233 614 5287 conleinnasseot.
627 5229 704 5294 Nam,
725 5239 755 5283 ut
774 5243 855 5298 supra
873 5227 1000 5298 probavi,
1018 5243 1052 5283 cx
1102 5226 1191 5282 sitam.
1216 5226 1333 5294 Quodsi
1355 5227 1406 5283 hoc
1423 5244 1517 5284 ieram
1539 5238 1590 5295 est,
1613 5245 1699 5300 neque
1716 5226 1865 5283 hincmarus

263 5301 329 5356 laisa
341 5299 529 5356 inlomiatiooe
539 5316 593 5355 iioo
603 5308 748 5369 potuemrit
763 5300 790 5354 iii
800 5299 872 5353 lacto
881 5314 982 5354 errare.
1000 5299 1053 5353 lta-
1102 5310 1191 5365 neque
1204 5297 1249 5352 alii
1266 5297 1385 5353 historici
1404 5306 1549 5368 potuerunt
1565 5316 1599 5355 ex
1610 5301 1660 5355 hac
1672 5293 1816 5371 prelatiooe
1829 5296 1867 5337 δι’

262 5370 350 5441 quiesi
364 5371 481 5426 scienter
490 5380 518 5426 et
531 5385 580 5439 per
590 5384 710 5424 ermreni
733 5370 790 5425 hec
810 5366 947 5433 lecerunt,
960 5368 1053 5437 utique
1103 5381 1179 5423 mere
1189 5367 1262 5423 illam
1273 5367 1433 5424 sententiam
1446 5370 1480 5424 de
1490 5369 1660 5426 damnatione
1671 5363 1759 5440 synodi
1769 5361 1865 5415 btffll‘

262 5455 324 5497 cnm
336 5440 483 5508 pertinacia
501 5450 529 5496 et
539 5440 634 5495 heresi
647 5439 699 5494 ista
712 5439 846 5503 lecerunt;
868 5447 950 5508 atque
970 5439 1006 5493 ita
1019 5440 1053 5495 de
1102 5437 1131 5491 in
1143 5435 1385 5502 ancolordiensi,
1399 5439 1448 5494 sed
1463 5439 1498 5496 ad
1509 5455 1662 5505 summum,
1679 5440 1703 5494 lo
1718 5434 1800 5509 aliquo
1812 5433 1866 5478 ιιι·

263 5509 424 5565 anetoritatc
443 5509 679 5579 sedisapostolicae
698 5509 777 5564 aliter
795 5515 953 5574 senserunt,
974 5509 1054 5564 aliter
1102 5508 1238 5564 venticulo
1266 5507 1453 5576 imperitorum
1478 5517 1506 5564 et
1527 5510 1712 5567 hereticorum
1734 5503 1863 5561 hominm,

263 5579 346 5633 menti
358 5578 476 5634 luerunt.
492 5579 558 5648 oue
567 5594 629 5635 cum
640 5593 701 5635 meo
713 5577 816 5647 jndicio
827 5579 860 5634 de
871 5585 946 5634 tanta
966 5586 994 5635 et
1005 5579 1052 5635 tali
1103 5592 1118 5632 a
1131 5579 1229 5647 quihus
1239 5575 1356 5634 lortassc
1366 5577 1434 5634 liber
1444 5577 1488 5634 illc
1501 5580 1592 5636 editus
1602 5588 1654 5636 cst.
1819 5633 1824 5644 ,

263 5647 449 5770 episei'ioruiu
462 5659 534 5705 cteta
545 5665 598 5705 oon
609 5649 663 5703 sint
672 5648 867 5718 praesumenda.
888 5657 994 5704 nonest
1007 5664 1053 5704 ve·
1141 5667 1151 5698 ι
1168 5646 1245 5703 Unde
1256 5648 1371 5702 sumitur
1382 5650 1497 5703 secunda
1512 5648 1665 5719 conjectura
1676 5665 1683 5705 t
1694 5659 1752 5702 iiam
1762 5637 1863 5695 omnium

264 5716 350 5773 risitiii
362 5732 378 5772 e
391 5718 429 5785 id,
446 5721 517 5788 quod
528 5721 603 5774 aiunt
614 5718 829 5775 reverendissimi
840 5728 866 5773 et
877 5718 1051 5775 illustrissimi
1103 5728 1177 5775 recte
1194 5718 1366 5774 sentientium
1374 5717 1404 5787 y'n
1410 5718 1476 5775 *licio
1487 5721 1555 5777 liber
1569 5721 1613 5778 ille
1629 5734 1681 5778 non
1697 5715 1743 5773 luit
1759 5727 1773 5768 a
1784 5694 1862 5758 (ιιιιο
