4050 6192
143 350 196 408 '‘ttt
215 346 292 406 stru.
315 342 419 401 bret..
435 338 585 402 -trunutt,
602 334 689 402 ETC„
704 329 769 392 SEU
789 334 865 390 con.
886 322 1324 389 Chh0l.lNUS.-APP.-EPP.
1339 318 1545 383 bubutettt't.
1560 290 1665 379 -ttu
1681 321 1701 378 Ι.
1722 314 1775 379 'ild

144 466 318 524 nteditatiottc
338 472 502 530 proponens,
525 464 553 508 et
571 455 669 509 bonam
695 452 772 505 nobis
796 448 932 530 vicissitu·
948 454 971 510 ,t
986 447 1087 503 veritas
1100 430 1195 528 quavis
1213 445 1323 499 testium
1345 441 1511 511 depositione
1531 438 1687 522 solemnior,
1706 434 1779 509 quod

145 539 234 593 dinem
251 533 413 602 rependens,
426 528 482 581 sire
494 541 544 579 nos
568 525 638 577 lleus
653 522 685 575 tle
700 521 791 574 labore
804 520 883 600 butus
895 535 935 571 ιιι-
986 532 1034 587 per
1047 533 1096 572 nos
1108 516 1173 570 tuhrl
1188 530 1306 596 unquam
1321 513 1402 594 verbo
1417 511 1458 566 vel
1472 524 1554 580 opero
1574 517 1678 565 exsttttt
1692 518 1779 567 atten-

147 603 283 661 ttrrnitatis
295 600 402 669 eripiat,
426 598 482 651 sire
506 596 540 649 tte
559 593 697 663 ergastulo
719 589 866 658 corporalis
884 588 938 641 lra-
988 597 1091 653 tatum,
1114 601 1161 640 seu
1180 593 1262 639 ettam
1290 591 1463 662 eogttatrotte¹
1479 589 1690 662 praesumptam,
1707 580 1779 650 quotl

165 675 260 730 ilitatis
280 671 387 731 educat,
420 664 568 720 Ecclesiam
591 661 649 731 ejus
676 674 782 728 semper
802 658 898 726 diligas
910 664 938 736 ct

135 694 264 800 fronores
283 753 317 805 ις
337 739 417 807 eique
428 733 635 802 sicutprinceps
656 731 796 801 piissimus
814 738 842 781 ct
860 727 939 781 Chn-

147 811 328 870 stinuissistus
348 807 496 875 imperator
518 817 612 872 pacem
637 799 760 880 conferte
774 802 939 878 satagerem

147 885 274 952 quietern,
293 877 394 932 utsire
423 875 548 935 viritnns,
580 871 636 925 sive
669 884 810 929 monmur,
831 883 859 920 ιιι
880 880 940 946 etus

145 947 356 1024 praesentialis
383 946 436 999 tuis
467 946 545 998 honis
567 941 694 1009 operibus
717 938 874 1008 gloriemur,
896 951 939 987 cut

145 1023 230 1078 otiam
245 1021 273 1074 in
292 1016 418 1089 prasenti
435 1015 490 1068 vita
509 1027 558 1081 pro
570 1010 661 1064 debito
687 1017 786 1062 nostre
800 1005 941 1060 servitutis

147 1092 311 1150 assistimus,
331 1093 359 1140 ct
379 1085 414 1138 atl
430 1098 511 1154 quem
524 1082 619 1136 desua
641 1074 825 1158 misericordia
840 1090 942 1145 praesu·

148 1170 263 1222 ttretttes,
282 1157 367 1212 sinos
381 1168 495 1211 evocare
510 1150 636 1214 uoluerit,
656 1164 719 1204 ιιιιιι
732 1149 829 1201 tiducta
845 1159 941 1213 procc-

148 1234 255 1285 tlctuus.
278 1229 362 1281 llatae.

380 1314 462 1388 359
478 1310 645 1369 urtstutn
664 1310 721 1366 XL.

147 1433 249 1491 Scribit
275 1427 381 1482 cnidum
404 1426 433 1478 in
456 1424 579 1493 plicarunt
604 1422 689 1484 ιιιιὶιι,
704 1430 728 1474 ιι
750 1435 778 1473 tc
800 1436 817 1472 ιι
836 1418 944 1472 sinistro

416 1493 566 1563 senpicione
581 1501 685 1561 perpet.

305 1590 366 1661 (Aa.
383 1586 461 1640 Dona.
476 1583 554 1644 ¹275,
572 1583 631 1636 coti.
650 1582 720 1635 lton.
735 1582 792 1653 ιιι.)

153 1685 354 1739 incusemus.
372 1706 408 1715 -
426 1674 584 1743 lindolphus
600 1673 731 1726 Lausanac
744 1686 851 1742 semper
871 1671 947 1725 lntlti·

188 1762 232 1806 tus
250 1747 399 1804 liberaliter
412 1760 427 1798 a
439 1745 570 1811 magtnro
582 1740 717 1796 llernardo
733 1741 771 1810 (tri
786 1741 874 1804 lallor,
890 1747 947 1793 the-

188 1820 312 1877 saurario
333 1824 434 1872 sanctae
454 1816 548 1881 settis),
568 1815 601 1867 tle
617 1811 675 1880 ejus
696 1812 793 1865 lroutis
814 1810 984 1869 trulteculalt

188 1890 272 1945 semel
284 1889 449 1956 deprehensa
460 1883 591 1937 sollicitus
600 1881 722 1950 delegato
733 1881 792 1934 viro
807 1882 943 1951 religioso,

187 1960 340 2026 additisque
356 1952 560 2010 ollicrosissittris
580 1952 687 2014 litteris,
713 1968 743 2006 se
764 1960 884 2013 excusat,
911 1966 944 2005 nc

189 2029 356 2099 cogitatione
365 2024 474 2094 quidem
488 2038 550 2077 eum
564 2021 663 2077 laesisse
674 2022 726 2076 sibi
741 2021 876 2076 conscius.

191 2139 361 2210 liudolphus,
383 2146 435 2191 etc.
459 2134 615 2190 Honorabili
630 2143 657 2189 et
669 2134 794 2204 prudenti
812 2134 872 2189 viro
890 2149 948 2188 rna·

156 2215 244 2283 gistro
257 2208 395 2265 Berttartlo
406 2206 431 2257 i.
448 2204 556 2260 blandae
570 2204 649 2259 laeici
669 2213 764 2258 restrae
781 2218 876 2258 serena
890 2203 948 2270 pla-

159 2283 259 2338 ciditas
290 2277 434 2348 mysticum
469 2274 558 2329 cordis
592 2283 788 2342 repraesentans
819 2273 948 2327 indicium
997 2336 999 2339 .

158 2350 324 2424 agendorum
348 2345 478 2427 regalium
496 2345 626 2399 hactenus
641 2362 694 2398 nnn
708 2344 811 2414 ignata,
828 2357 879 2396 nott
900 2358 948 2411 pa-

161 2424 223 2476 ιιιιι
238 2425 419 2491 procuratrix,
433 2425 460 2468 et
481 2413 561 2467 lotrix
575 2414 691 2484 sicergo
711 2429 760 2468 nos
778 2411 950 2467 instinctibus

160 2491 290 2547 virtuosis
320 2487 444 2548 incaluit,
470 2483 509 2538 sic
541 2484 626 2538 valuit
654 2483 856 2552 praepotenter,
878 2483 950 2549 qnod

157 2572 239 2631 patre
262 2566 355 2614 nostro
376 2554 548 2609 sanctissimo
566 2569 635 2623 papa
656 2554 765 2608 domino
785 2564 796 2590 ⁰
820 2553 951 2605 ‹luttetsat

161 2638 285 2700 excepto,
311 2642 364 2682 non
382 2624 518 2679 immerito
541 2622 725 2694 principaliter
746 2622 822 2677 robis
839 2620 952 2676 ascribi·

162 2718 223 2756 ttius
233 2697 363 2769 quidquid
379 2694 499 2759 honoris,
517 2701 545 2749 et
562 2693 653 2763 gloriar
671 2701 770 2747 nostrae
783 2690 951 2746 sublimatio-

160 2774 206 2825 nis
217 2766 370 2841 progressui
382 2766 493 2819 dextera
506 2762 659 2832 apostoliea}
670 2761 864 2817 consolationis
879 2758 952 2828 adje-

161 2843 210 2895 cit.
224 2837 309 2896 Voltis
322 2836 394 2890 enim
412 2833 587 2887 ridentissime
639 2833 728 2888 cribet
743 2833 841 2886 mentis
854 2840 953 2885 nostre

162 2909 296 2964 interiora
311 2904 471 2967 deteximus,
489 2902 566 2957 vobis
589 2902 599 2973 [
617 2902 678 2955 ‘ora
704 2900 814 2984 restris]
831 2899 953 2956 humeris

162 2979 270 3048 pondus
286 2991 359 3031 carm
374 2974 467 3037 totius,
485 2980 512 3027 et
535 2972 723 3037 sollicitudinis
746 2987 880 3026 sarcinam
903 2970 954 3023 iru-

162 3051 322 3119 primentes,
337 3060 372 3098 ιιι
385 3058 440 3113 quo
454 3043 546 3111 utique
556 3043 686 3110 tttoccssit
698 3051 837 3111 peroptata
850 3040 955 3095 utihtas

163 3128 191 3173 ιι
204 3123 348 3188 provectus
359 3112 459 3183 prodiit
471 3118 621 3192 exoptatus.
635 3112 734 3167 Verum
747 3114 780 3166 tle
793 3127 872 3174 noro,
882 3111 954 3181 quod

989 657 1064 712 robis
1082 654 1206 710 debuerit
1226 652 1403 723 displicentiae
1424 660 1548 720 sptrttum
1562 650 1709 731 peperisse,
1726 652 1781 706 imo

988 741 1095 795 semper
1113 726 1140 779 io
1159 724 1228 779 votis
1241 723 1398 787 babuimus,
1419 732 1446 775 ct
1458 720 1545 775 atlltue
1564 736 1590 774 ru
1604 719 1696 774 animo
1708 721 1780 791 geri-

989 812 1049 852 mus
1065 797 1233 850 incessanter
1245 793 1331 856 robis,
1351 800 1378 844 et
1403 790 1510 850 vestris,
1526 804 1588 845 curn
1609 789 1644 843 atl
1660 790 1712 844 boc
1733 805 1781 861 op·

989 866 1099 936 porturti
1123 864 1251 934 temporis
1276 858 1398 933 aptitudo
1423 877 1452 916 se
1482 858 1588 925 otiarer,
1609 859 1735 930 gratiosis
1753 868 1782 916 ct
1800 869 1821 884 ⁸·

989 936 1087 1005 amplis
1101 935 1195 989 adesse
1212 932 1359 995 favoribus,
1371 939 1399 986 et
1411 930 1595 986 beneticentiae
1609 936 1707 987 nostras
1739 947 1783 985 ro·

991 1005 1143 1061 lusionibus
1163 1002 1335 1057 affluentibus
1361 1000 1541 1056 abundantius
1563 1000 1694 1069 aspirare.
1718 948 1783 1056 llaec

991 1084 1082 1130 autern
1105 1074 1296 1147 (qualicunque
1322 1070 1449 1125 fundetur
1472 1070 1549 1125 initio
1572 1077 1660 1124 motus
1678 1068 1783 1140 noster)

992 1145 1105 1200 arbitrio
1120 1153 1210 1199 vestro
1225 1156 1319 1197 secure
1333 1139 1500 1208 subjicimus,
1511 1138 1588 1207 juxta
1605 1139 1677 1208 quod
1689 1148 1785 1196 vestre

1013 1215 1103 1269 roride
1115 1211 1352 1283 circumspectioni
1370 1210 1489 1272 libuerit,
1503 1208 1588 1263 lihere
1599 1209 1746 1265 decidenda
1758 1208 1784 1261 i.

992 1231 1064 1339 ilinc
1078 1294 1120 1339 est
1133 1280 1206 1352 quotl
1219 1291 1335 1337 vestram
1352 1289 1455 1334 attente
1474 1279 1644 1348 deposcimus
1656 1280 1786 1334 honesta-

995 1364 1059 1417 tem,
1086 1362 1220 1422 quatenus
1238 1350 1441 1406 excusationem
1462 1357 1584 1402 nostram
1603 1348 1692 1405 velitis
1708 1363 1787 1404 man·

995 1432 1072 1478 sueto
1087 1423 1178 1477 animo
1192 1422 1340 1490 suscipere,
1355 1434 1415 1474 ιιι
1431 1420 1530 1472 mcertis
1551 1426 1648 1472 vestrae
1667 1417 1787 1474 succedo

995 1492 1127 1564 quidquid
1150 1490 1256 1545 nebulas
1278 1491 1321 1546 vel
1343 1488 1465 1543 rancoris
1491 1488 1608 1542 sinistre
1628 1489 1789 1560 suspicionis

997 1562 1139 1632 impressio
1161 1568 1299 1626 suaserat,
1325 1575 1404 1627 scopa
1425 1566 1505 1612 recte
1530 1558 1665 1628 opinionis
1685 1560 1790 1614 abster-

997 1648 1070 1702 gere,
1090 1631 1201 1700 bospite
1220 1631 1345 1686 veritatis
1364 1628 1551 1683 charitativius
1572 1627 1737 1685 introducto.
1756 1628 1790 1682 Et

998 1718 1063 1757 ecco
1075 1703 1147 1772 quod
1162 1700 1347 1755 honorabilem
1363 1706 1390 1754 et
1404 1697 1560 1768 religiosum
1576 1698 1664 1752 virum
1678 1707 1791 1768 propter

999 1774 1051 1827 hoc
1073 1768 1226 1841 specialiter
1245 1771 1372 1825 duximus
1389 1768 1424 1823 atl
1447 1784 1494 1823 ros
1512 1767 1700 1823 destinandum
1717 1781 1728 1808 ⁰
1748 1778 1790 1823 at-

998 1852 1071 1897 tento
1082 1851 1205 1911 petentes
1216 1847 1246 1894 ut
1258 1840 1293 1905 ei,
1306 1840 1378 1893 velut
1390 1838 1550 1892 innocentie
1563 1847 1662 1891 nostre
1671 1837 1790 1894 veridico

997 1912 1147 1981 prolatori,
1163 1927 1244 1981 supet·
1256 1900 1298 1965 ltis
1312 1910 1392 1964 litleur
1405 1924 1461 1962 ιιοιι
1474 1908 1583 1963 dubiam
1598 1909 1727 1964 adhihere
1740 1922 1790 1965 eu·

997 1983 1074 2037 rctis.
1091 1982 1175 2035 lhttae.

1214 2073 1292 2143 381
1315 2068 1482 2126 sererent
1501 2072 1569 2127 titt.

1105 2183 1263 2255 Respottsiua
1281 2180 1316 2235 nri
1330 2182 1515 2252 precedentem
1535 2183 1682 2252 epistolant.

1146 2275 1208 2346 (rln.
1223 2273 1301 2327 uon.
1320 2273 1398 2337 tait,
1413 2274 1472 2327 cod.
1490 2273 1560 2326 llud.
1578 2274 1646 2345 ιιι.)

1000 2365 1198 2421 decumarum.
1214 2394 1249 2403 -
1262 2364 1416 2419 llenrartlns
1439 2372 1533 2420 contra
1549 2365 1592 2418 :si
1612 2363 1682 2420 loric
1704 2368 1794 2437 suspi⁴

1036 2437 1107 2491 cioni
1120 2436 1289 2489 occasionem
1301 2435 1464 2503 prebuerat,
1476 2436 1548 2503 quod
1562 2450 1622 2489 curu
1635 2435 1693 2505 ipse
1705 2451 1755 2520 per
1765 2451 1795 2493 so

1037 2522 1090 2562 non
1105 2506 1264 2559 visitaverat
1281 2504 1300 2557 l,
1310 2520 1420 2569 ausonae,
1434 2505 1606 2559 multitudine
1624 2518 1794 2576 tregottorntu

1037 2578 1112 2646 regio
1125 2576 1264 2630 comitatui
1277 2586 1330 2627 non
1343 2575 1444 2644 ignota,
1459 2590 1511 2645 qua
1524 2576 1567 2629 ..iu
1581 2585 1640 2643 post
1654 2578 1796 2649 utriusque

1037 2648 1121 2700 curias
1134 2659 1270 2699 recessum
1285 2644 1322 2699 ihi
1342 2656 1481 2699 remearem
1494 2645 1596 2711 debuit,
1611 2644 1694 2701 luisse
1709 2648 1795 2719 impc-

1039 2718 1135 2772 ditum.
1151 2714 1179 2769 ln
1198 2716 1309 2782 reliquis
1326 2726 1356 2768 se
1371 2716 1460 2784 potius
1478 2714 1583 2771 laudent
1600 2730 1680 2785 qttatn
1698 2720 1732 2774 tle
1745 2732 1796 2774 suo

1041 2786 1148 2856 iugenio
1172 2785 1353 2854 suspicionem
1378 2787 1492 2851 tuereri;
1519 2801 1563 2849 sc,
1588 2788 1794 2855 obloquentium

1040 2856 1173 2925 ingratiis,
1194 2855 1391 2911 immutabilem
1404 2871 1464 2910 esse
1478 2864 1506 2911 et
1525 2856 1592 2910 lore.
1612 2856 1797 2927 [lepontilicis

1040 2936 1128 2981 morte
1141 2926 1209 2980 nihil
1220 2942 1249 2981 se
1263 2926 1369 2990 addere,
1383 2927 1547 2982 successoris
1559 2926 1718 2984 eloctimern
1730 2942 1796 2983 naa·

1041 2997 1184 3051 tiatorem.
1679 3010 1681 3017 '

1042 3110 1070 3165 lu
1091 3111 1197 3174 litteris,
1214 3125 1282 3180 quas
1294 3110 1359 3165 mihi
1376 3109 1521 3166 notissime
1535 3120 1624 3169 vestra
1638 3110 1797 3168 excellentia

165 3188 241 3259 grari
255 3186 337 3242 corde
356 3181 508 3247 celerinus,
533 3197 619 3235 visum
640 3188 682 3236 est
701 3183 779 3237 nobis
814 3180 954 3236 uibusdam
968 3168 992 3235 C
1007 3182 1162 3246 destinavit,
1176 3180 1312 3250 quaerelam
1324 3180 1358 3234 tle
1372 3181 1423 3235 mei
1439 3197 1501 3251 erga
1516 3198 1563 3236 ros
1578 3183 1727 3239 ructatione
1743 3183 1797 3238 lor·

860 3268 956 3306 nertst-

556 3322 686 3376 antlabilis
705 3322 794 3377 vultus
817 3322 898 3377 vestri
917 3336 959 3375 se·

165 3257 332 3313 notabilibus
343 3250 517 3320 cotrjecturis,
538 3252 609 3373 puoh
622 3267 685 3321 erga
701 3252 788 3322 nos3

167 3328 269 3382 militer
280 3327 421 3379 immutata
435 3324 471 3375 sit
486 3322 529 3374 illa

168 3396 280 3458 recitas,
305 3403 333 3447 et
360 3403 519 3461 exasperata
540 3390 575 3444 sit
603 3391 699 3445 lenitas
725 3400 823 3447 restrae
848 3386 957 3452 arentia,

167 3478 250 3537 super
264 3480 318 3535 quo
333 3464 429 3517 merito
447 3463 591 3515 reltemeus
602 3462 786 3517 admirationis
798 3461 907 3516 aculeus
919 3462 959 3515 in·

168 3538 235 3591 tima
251 3533 380 3605 perculit,
399 3548 431 3586 ex
448 3531 603 3600 inopinabili
620 3531 699 3599 hujus
713 3533 751 3585 rei
767 3532 886 3585 novitate
900 3546 960 3599 per-

167 3606 259 3675 plexa.
286 3602 374 3659 Testis
392 3602 464 3656 enim
489 3612 531 3655 cst
554 3601 765 3655 incontaminata
788 3600 960 3656 conscientia>

207 3773 219 3801 ¹
240 3758 356 3815 Perinde
368 3759 419 3812 iste
431 3767 526 3813 sancto
536 3757 656 3829 pontitici
670 3758 852 3813 conveniunt:
866 3772 960 3825 quam·

166 3832 264 3885 obrem
279 3829 421 3897 epistolant
446 3844 532 3898 neque
552 3829 662 3883 omnino
675 3825 858 3894 rejiciendam,
875 3842 962 3895 oeque

170 3901 284 3954 omnino
298 3898 489 3953 admittendam
502 3913 563 3954 esse
586 3898 713 3952 arbitror.
734 3896 802 3951 Cum
815 3910 914 3950 venero
928 3900 961 3949 att

168 3970 233 4023 libri
246 3969 320 4023 tertii
335 3982 376 4036 ep.
390 3968 433 4032 36,
448 3968 563 4022 certiora
577 3967 769 4036 suppositionis
780 3966 877 4019 iudicia
888 3977 963 4034 pate·

171 4038 282 4093 faciam.
298 4034 326 4092 ltl
341 4039 491 4106 praesertim
509 4037 559 4091 tuit
578 4039 605 4091 in
622 4052 713 4101 causa,
727 4052 776 4090 cur
794 4036 895 4089 codicis
906 4035 963 4090 Cte-

168 4107 244 4163 sarai
264 4107 392 4176 epistolas
418 4106 516 4160 relatas
542 4108 575 4160 alr
593 4106 729 4169 llansizio‚
748 4114 776 4159 et
794 4107 828 4159 ah
853 4116 963 4160 auctore

172 4178 202 4231 l'i
221 4186 241 4229 t.
270 4177 362 4231 hustr.
391 4188 517 4231 accurate
547 4176 718 4237 contulerim,
745 4191 779 4230 ne
800 4175 962 4239 collectoris,

170 4249 327 4316 quicunque
345 4241 436 4308 luerit,
453 4246 565 4300 andacia
577 4246 606 4300 in
619 4246 777 4315 apponendo
789 4245 890 4310 titulos,
908 4246 965 4314 epi·

171 4318 310 4385 stolasque
330 4317 402 4384 ipsas
417 4324 518 4370 tenere
537 4316 721 4379 adulterando,
735 4316 768 4370 tle
793 4316 845 4369 lide
863 4316 965 4370 codicis

172 4387 320 4522 quidpram
332 4386 482 4440 detraxisse
498 4385 525 4438 iu
540 4386 650 4454 reliquis
662 4386 826 4440 crederetur.

210 4458 224 4495 b
269 4470 333 4509 nare
354 4456 426 4509 hunc
451 4456 648 4510 thesaurarium
663 4455 824 4514 existimem,
846 4453 963 4510 olcium

1007 3261 1109 3307 mamm
1121 3250 1371 3315 oculusabborruit,
1380 3260 1407 3305 et
1420 3254 1526 3307 arrianus
1539 3269 1592 3307 nun
1608 3254 1710 3324 ahstqtte
1722 3255 1798 3324 gravi

1008 3330 1118 3391 stupore
1130 3323 1242 3376 miratus
1255 3322 1382 3375 discrtssit
1396 3324 1532 3385 attentius,
1554 3323 1710 3394 diligentius
1723 3339 1798 3379 scrita

1009 3394 1127 3457 labatur,
1156 3392 1220 3461 quitl
1237 3391 1352 3459 qttcrehe
1367 3390 1446 3460 ltrrjus
1463 3394 1551 3460 potuit
1569 3391 1686 3448 formare
1699 3395 1800 3463 princi⁴

1009 3462 1093 3529 pium,
1115 3462 1179 3532 quitl
1200 3462 1367 3525 rutilationis,
1392 3478 1472 3531 quam
1487 3464 1587 3519 vetitas
1608 3464 1728 3534 proiectu
1746 3481 1798 3518 nott

1011 3532 1085 3584 ttovit
1103 3531 1262 3585 inordinatae
1279 3531 1369 3584 torsao
1389 3531 1511 3588 lutitasiau
1526 3532 1656 3603 cujusque
1673 3536 1714 3589 vel
1732 3534 1799 3589 levit

1011 3601 1110 3655 indicia
1126 3600 1261 3671 praestitit,
1277 3602 1341 3670 quid
1354 3602 1567 3673 qualescunque
1582 3605 1697 3673 prebuit
1712 3604 1802 3674 oottje·

1014 3748 1132 3807 Μοιιιιιιι.
1156 3761 1221 3807 tom.
1238 3754 1269 3815 V,
1291 3768 1350 3823 cap.
1366 3754 1428 3824 tut)
1442 3768 1505 3809 num
1521 3749 1631 3821 Gallice,
1652 3774 1686 3813 an
1708 3759 1803 3816 Latine

1013 3825 1113 3891 scripta
1133 3822 1224 3884 luerit,
1248 3824 1283 3875 nil
1307 3835 1445 3877 tttoratur:
1468 3826 1564 3889 tileo,
1587 3828 1684 3896 iuquit,
1702 3844 1735 3883 ιι
1758 3831 1800 3884 hl-

1013 3898 1096 3947 stotia
1115 3893 1243 3947 llamiate
1264 3902 1369 3960 sumpta
1391 3903 1463 3947 sunt.
1485 3894 1538 3949 Sed
1551 3898 1584 3950 de
1598 3898 1671 3952 elisee
1684 3914 1717 3952 su
1732 3900 1804 3970 regis

1012 3962 1140 4026 instruis,
1169 3972 1197 4017 et
1220 3963 1336 4031 qualiter
1352 3964 1497 4019 b'ltristiaoi
1519 3966 1671 4022 Damiatam
1693 3968 1805 4025 soliano

1015 4028 1198 4095 reddiderunt,
1215 4041 1243 4087 et
1264 4033 1474 4103 nonnullaque
1495 4045 1586 4090 secuta
1607 4046 1670 4091 sunt
1685 4046 1804 4106 postmu·

1014 4104 1089 4167 ιΙιιιιι,
1107 4103 1147 4158 sic
1159 4102 1256 4158 scribit
1275 4103 1428 4159 Bernartius
1444 4105 1638 4163 thesaurarius.
1658 4127 1668 4160 ι
1691 4109 1724 4163 tlt
1746 4124 1806 4163 rur-

1015 4188 1062 4227 sus
1083 4171 1210 4244 (capitulo
1230 4172 1315 4243 aaut:
1336 4173 1424 4229 «trac
1442 4175 1475 4229 de
1498 4176 1582 4246 gestis
1606 4178 1677 4247 regis
1693 4176 1806 4235 ioannis

1016 4252 1122 4313 sumpta
1142 4251 1204 4297 sunt
1215 4259 1247 4297 ex
1260 4244 1372 4299 historia
1386 4244 1514 4299 Bernardi
1526 4248 1697 4302 thesaurarii.
1712 4247 1806 4315 Qtalis

1016 4324 1106 4368 autem
1121 4312 1203 4367 luerit
1219 4314 1308 4368 esitus
1325 4330 1377 4368 uon
1390 4314 1497 4370 iuveni:
1517 4317 1558 4371 vel
1571 4319 1643 4386 quod
1662 4319 1802 4374 historiam

1017 4399 1070 4439 nou
1092 4383 1275 4452 compleverit,
1295 4383 1337 4438 vel
1358 4384 1428 4452 quod
1448 4386 1532 4440 coelet
1552 4388 1623 4443 uude
1637 4403 1695 4443 sunt
1730 4388 1805 4444 'lttlt

1018 4451 1217 4522 imperfectus.»
1232 4452 1366 4521 Quidquid
1379 4462 1468 4509 autem
1479 4456 1514 4511 sit
1526 4457 1559 4511 de
1569 4457 1663 4515 Latina
1679 4460 1804 4527 lrtstorit,

171 4540 207 4579 er
218 4524 319 4579 litteris
332 4533 428 4593 patens
439 4535 480 4580 est
493 4525 520 4579 in
538 4542 629 4580 causa.
645 4524 697 4578 Aut
714 4524 786 4578 enim
801 4525 965 4579 vicecancel-
977 4513 1004 4572 D
1018 4522 1164 4579 similitudo
1182 4524 1308 4586 nominis,
1327 4532 1402 4589 etas,
1419 4533 1448 4579 et
1469 4524 1586 4581 cilicium
1607 4528 1673 4583 milri
1691 4544 1806 4598 perstra-

173 4595 270 4657 larius,
284 4604 332 4647 aut
345 4596 518 4657 camerarius,
537 4604 584 4649 aut
607 4595 790 4648 thesaurarius
810 4594 856 4648 tali
877 4594 966 4649 allicio

174 4665 222 4719 lun
242 4664 251 4717 i
271 4672 407 4733 poterant.
431 4664 578 4720 llieecance
589 4665 686 4718 larium
704 4680 755 4719 oon
769 4664 853 4718 luisse
866 4672 967 4717 testatr-

175 4681 380 4788 turffiauvinius
393 4733 520 4804 (tleEccl.
533 4734 620 4787 Later.
636 4734 654 4786 l.
669 4750 708 4795 ιιι,
724 4750 749 4786 ι.
769 4734 812 4804 to)
827 4743 855 4788 et
867 4733 966 4788 Cohel-

173 4804 228 4858 lius
242 4802 308 4873 (ttot.
321 4801 401 4855 Carti.
417 4819 442 4857 c.
459 4803 503 4866 58,
519 4819 546 4872 p.
561 4800 635 4874 stu),
650 4820 712 4857 nant
723 4819 808 4873 usque
820 4805 854 4858 ad
867 4818 967 4857 antrum

176 4873 247 4927 tait
259 4871 384 4941 mupitter
393 4871 511 4926 Jonttner
524 4873 694 4927 &caccerini
709 4872 887 4938 Placentinus,
907 4873 969 4926 inde

173 4962 190 4996 a
204 4945 211 4995 l
225 4957 326 4996 annunt
341 4939 410 4994 tait
431 4942 557 5011 mouisset
579 4942 744 5013 lenirentur
766 4942 968 4996 orcltidiocnrutt

173 5011 358 5081 ilerqornertst't
377 5025 410 5064 eo
434 5026 546 5065 munere
569 5010 652 5066 iuncti
670 5022 743 5067 sunt.
760 5012 797 5066 lle
818 5012 969 5066 camerario

172 5091 267 5136 attteta
290 5094 325 5134 ne
348 5081 518 5205 captantium
543 5081 661 5151 quidem,
683 5082 812 5152 preclaro
836 5081 969 5151 siquidem

173 5154 230 5206 isto
250 5160 362 5205 moriere
409 5190 417 5205 .
445 5151 478 5205 li.
505 5152 536 5205 E.
562 5152 712 5207 cardinales
727 5150 916 5222 iungebantur.
932 5152 969 5206 Ea

173 5224 289 5290 propter
308 5219 507 5274 thesaurarium
528 5219 610 5277 luisse
625 5224 697 5276 huuc
712 5221 876 5276 llcrnardum
891 5236 969 5291 oprv-

173 5298 226 5345 ιιι
240 5289 282 5345 Cl.
300 5287 581 5361 lluratorius(Script.
595 5290 659 5344 Ιιιιι.
673 5304 738 5345 tom.
753 5291 805 5355 llll,
818 5307 845 5361 p.
859 5290 922 5363 657)
937 5307 969 5348 ex

174 5376 230 5414 ms.
248 5359 309 5414 cod.
324 5359 494 5415 bibliothecae
509 5360 629 5415 listensis
649 5361 675 5414 in
691 5363 777 5417 lucem
788 5361 905 5417 edidisse
919 5362 970 5416 sibi

214 5427 322 5483 rsuadet
332 5429 629 5485 bernarditbesaurarii
641 5431 738 5485 librum
751 5432 784 5483 tle
793 5431 971 5499 acquisitione

201 5514 271 5553 erre
291 5507 403 5564 sanctae,
419 5514 499 5568 quem
513 5501 551 5553 ait
565 5500 592 5553 in
612 5499 770 5570 prelatione
783 5501 885 5556 Gallice
903 5503 972 5557 scri·

174 5578 255 5639 ptum
268 5568 361 5633 luisse,
374 5579 402 5624 et
411 5584 484 5625 anno
498 5570 564 5625 litt)
574 5570 669 5625 Latine
686 5570 786 5626 lactum
799 5587 815 5625 a
829 5570 875 5624 Fr.
889 5570 973 5626 Frau-

175 5638 254 5694 cisco
264 5636 295 5692 Pi
315 5640 360 5693 inu
366 5638 528 5694 Bononiensi
540 5640 598 5695 ord.
606 5638 705 5705 rec,
713 5642 760 5711 qui
771 5651 862 5696 tamen
874 5641 974 5697 desinit

177 5723 253 5761 anno
275 5708 285 5759 l
345 5750 351 5769 ,
376 5709 482 5763 tametsi
501 5709 655 5765 Bernardus
668 5711 702 5764 ad
715 5726 815 5765 aunum
832 5713 975 5780 perveniat

178 5774 263 5831 ¹275.
274 5776 374 5832 Eadem
385 5778 498 5832 historia
510 5788 589 5834 utens
601 5779 755 5835 Edatuntlus
767 5781 885 5835 llartene
899 5774 972 5844 (l'rt.

368 5869 503 5930 Ptruoc.
529 5870 668 5931 xcvttt.

1018 4600 1112 4647 serunt
1125 4601 1154 4646 ut
1173 4592 1321 4656 crederem,
1336 4594 1370 4647 ad
1386 4595 1456 4650 hunc
1474 4596 1639 4652 Bernartltnn
1657 4602 1733 4654 datas
1747 4613 1807 4656 esse

1020 4664 1068 4717 hes
1082 4662 1196 4743 litteras.
1219 4661 1296 4729 Quot
1309 4663 1484 4720 nihilomiuus
1504 4682 1553 4736 pro
1576 4683 1651 4723 ceno
1673 4671 1808 4725 atiirutare

1019 4749 1072 4787 nott
1088 4747 1186 4786 attstm.

1055 4813 1066 4841 ι
1087 4802 1126 4857 ιιι
1143 4802 1269 4857 bomartli
1290 4816 1429 4872 responso,
1449 4805 1519 4875 quotl
1535 4807 1585 4861 has
1601 4808 1706 4863 litteras
1717 4811 1809 4880 sequi-

1021 4881 1074 4933 tur,
1095 4881 1160 4927 etas
1184 4873 1340 4928 earumdem
1363 4874 1480 4939 elicitur,
1505 4877 1630 4932 videlicet
1652 4879 1702 4932 suh
1727 4878 1807 4933 linem

1020 4942 1122 4996 utensis
1144 4941 1310 4997 Decembris.
1330 4942 1397 4997 Nam
1417 4946 1545 5013 pomilicc
1564 4948 1618 5001 vita
1637 4948 1729 5003 iuncto
1749 4950 1812 5003 Ber-

1021 5011 1122 5065 nantas
1139 5012 1287 5080 rescripsit.
1301 5012 1387 5078 Quam
1402 5014 1483 5084 igitur
1496 5017 1575 5070 titlem
1588 5027 1706 5072 meretur
1723 5032 1812 5073 asser-

1021 5081 1059 5135 tio
1072 5080 1116 5134 illa
1136 5082 1288 5151 precedent
1299 5099 1312 5137 s
1332 5083 1452 5152 epistota
1464 5085 1498 5141 de
1517 5087 1613 5142 litteris
1624 5087 1812 5143 consolatstiis

1022 5151 1155 5232 [ludolphi
1169 5153 1203 5206 ad
1218 5162 1393 5232 egrotantem
1405 5157 1584 5225 pontitlceml

1057 5220 1069 5260 d
1092 5222 1190 5290 tlpttmi
1210 5222 1341 5292 principis
1353 5224 1506 5293 ingenium!
1526 5228 1589 5284 Sola
1605 5228 1677 5282 etaim
1694 5227 1812 5298 strsficlo

1022 5292 1167 5372 ingenuam
1180 5297 1382 5372 excusationem
1395 5310 1428 5349 ea
1446 5296 1507 5366 eius
1524 5298 1604 5352 etetle
1617 5299 1717 5353 elucit.
1732 5298 1812 5354 Latet

1023 5362 1197 5417 nihilominus
1210 5363 1262 5416 alta
1285 5379 1377 5427 causa,
1395 5380 1444 5420 cur
1458 5368 1670 5422 benevolentiam
1683 5368 1812 5423 bernardi

1024 5445 1079 5488 tam
1092 5430 1212 5500 impense
1225 5432 1379 5489 inviolatam
1390 5436 1490 5505 capiat,
1506 5452 1587 5508 quaen
1601 5441 1628 5492 ιιι
1638 5438 1814 5507 procedend-

1024 5501 1185 5628 popliueris
1196 5502 1312 5561 vidimus
1327 5503 1381 5577 (cp.
1396 5506 1443 5579 ιδ)
1458 5514 1486 5561 ιι
1497 5520 1558 5562 naor
1574 5512 1763 5565 cttrttirmatanr
1778 5509 1814 5565 ri

1043 5590 1059 5628 e
1078 5587 1158 5627 rmus.

1062 5655 1074 5683 ι
1094 5641 1179 5723 Officii
1193 5644 1310 5714 dignitas
1325 5654 1352 5701 et
1374 5644 1513 5716 liudolphi
1523 5640 1678 5704 sollicitudo
1693 5646 1758 5704 hine
1775 5642 1817 5700 ltt·

1025 5714 1161 5769 cttlcntrus
1171 5717 1298 5769 emicant.
1792 5722 1799 5728 '

1542 5873 1579 5936 ii
