4050 6192
137 402 190 460 685
208 399 287 460 cub.
303 397 390 455 olet.
405 428 439 439 -
452 393 598 455 uoubll..
613 391 702 458 stc,
715 391 781 450 SEU
794 391 871 450 COD.
883 387 1088 448 elnocinus.
1100 422 1135 433 -
1147 391 1345 449 tun-otss
1361 392 1405 448 ou
1421 391 1496 447 EPP.
1511 389 1693 449 uubotuul.
1714 390 1767 445 oss

138 515 176 570 tie
189 512 356 586 precessione
369 504 498 580 pontificu
522 515 547 561 et
560 505 674 560 Curuus
699 521 746 576 per
766 504 872 568 llriem,
888 503 925 557 ita
939 503 964 564 Α
980 502 1056 566 ltus,
1083 504 1157 575 regui
1175 518 1240 561 reru
1260 504 1345 559 nostrl
1370 516 1441 559 anun
1465 501 1507 557 lll.
1529 501 1596 558 llum
1616 512 1706 559 autem
1727 506 1766 561 di·

135 589 383 641 cnmmeotaturrt
405 578 487 633 llecta
514 576 557 630 ria
580 587 630 645 per
651 574 781 644 Campum
804 571 877 628 doro
898 582 927 631 et
978 572 1068 654 ploma
1089 574 1160 629 istud
1173 574 1339 644 prcccoum
1351 573 1496 697 diplomate
1509 573 1594 628 altero
1615 575 1768 647 principum

133 653 290 709 iudeorum
310 649 428 718 plateam
452 645 595 702 devenient
611 644 646 698 ad
662 644 804 699 ecclesiam
827 652 928 699 sancte
979 643 1084 712 imperii
1099 658 1170 698 anno
1181 644 1259 706 ltus,
1275 644 1376 699 nonnul
1386 657 1462 713 aeque
1472 643 1593 714 epistolae
1602 645 1636 698 ad
1649 646 1767 702 auterio-

135 721 228 778 naria
242 722 270 776 iu
283 718 437 780 cosmedin,
449 725 477 772 et
489 715 526 770 ibl
542 713 673 785 pontifex,
694 714 717 769 si
735 729 824 770 rosam
836 713 927 777 babet,
978 727 1023 767 res
1035 727 1119 768 sonos
1134 713 1281 769 referendae
1295 714 1444 778 rideantur,
1463 720 1569 784 tempus
1587 723 1690 769 certum
1703 716 1771 771 dcli-

135 794 211 847 illam
232 804 316 861 eques
330 787 486 857 imperatori
507 785 591 855 equiti
605 784 675 839 douo
692 784 747 839 dat.
762 784 842 837 Etud
863 783 929 837 dex·
977 782 1031 837 uiri
1072 798 1128 836 <ua
1150 798 1210 838 uam
1261 790 1323 838 test.
1338 782 1715 855 lluctcunsdeclrrouolopia.

134 872 207 919 tram
221 873 380 920 morasus,
389 872 440 925 per
450 854 644 910 transducunt
655 868 716 908 cum
736 854 794 909 suis
804 852 928 907 omuibus
1012 851 1066 922 27
1116 853 1137 907 ll
1163 853 1204 908 lll.
1247 868 1280 907 ur
1295 853 1392 908 litteren
1404 853 1464 906 istm
1478 868 1532 906 non
1544 852 1660 908 viderint
1683 855 1770 911 lucrm

133 932 167 987 ad
188 929 323 1012 pahtium
346 926 501 982 revomitur.
520 924 716 981 Cesaramem
732 923 784 987 tia,
802 937 855 992 qua
876 921 927 977 sibi
977 931 1043 977 ante
1086 923 1231 984 uucdlem,
1250 923 1274 978 si
1288 923 1391 994 aliquot
1408 922 1538 978 demsmb
1551 923 1586 976 ab
1596 922 1688 978 Austr.
1711 924 1772 980 Pie-

133 1000 233 1056 rnelrus
258 999 381 1070 placeat,
406 1010 497 1051 rosam
527 1009 609 1049 mauu
633 1000 751 1063 gestans,
766 994 799 1048 ad
819 1001 927 1061 pontem
978 992 1042 1046 tatis
1056 999 1166 1048 auctore
1187 993 1317 1064 uulgatus,
1337 992 1532 1062 nonnullasque
1547 992 1613 1047 alias
1634 994 1667 1048 aul
1687 993 1772 1050 Solit-

130 1070 285 1126 Adriartum
311 1067 418 1124 redit.»
445 1065 554 1128 Romae,
581 1063 652 1133 qood
679 1063 825 1133 optandum
848 1069 926 1126 erat,
977 1060 1139 1141 burqensem
1152 1062 1381 1134 archiepiscopum
1392 1061 1643 1132 pertinentes,quas
1653 1061 1685 1118 P.
1699 1063 1772 1119 llan-

130 1140 205 1196 mlta
221 1146 284 1210 post
297 1134 464 1193 l’ridericum
476 1134 509 1188 lll
522 1133 662 1189 coronatio
673 1141 782 1202 peracta
803 1139 854 1187 est.
871 1131 927 1185 llo·
976 1131 1061 1185 utrius
1089 1132 1117 1186 in
1137 1132 1224 1187 lucem
1247 1133 1339 1197 edidit,
1369 1131 1440 1186 lucili
1459 1132 1567 1202 negotio
1589 1135 1770 1201 assequimur,

131 1225 220 1268 mnas
233 1218 323 1263 autem
336 1206 376 1261 sie
390 1203 589 1260 transformatae
603 1203 692 1272 lmspo
707 1201 835 1258 Bononiae
852 1200 928 1257 exbi-
977 1208 1099 1270 spcctata
1113 1203 1270 1258 earumdem
1289 1203 1422 1258 sententia
1440 1201 1474 1257 de
1490 1202 1597 1286 imperil
1615 1203 1724 1267 liuiluts,
1738 1206 1772 1261 tle

131 1280 198 1344 bita,
217 1293 280 1336 eom
334 1276 378 1331 dio
395 1276 460 1330 licet
471 1273 575 1327 riarum
590 1280 618 1327 et
632 1272 733 1326 mturtm
752 1273 868 1326 maxime
880 1271 928 1326 de·
977 1271 1151 1326 coronatione
1161 1272 1291 1336 Romana,
1308 1273 1341 1327 de
1354 1271 1449 1343 primis
1461 1274 1588 1343 precibus
1615 1274 1773 1343 dcquealils

129 1357 250 1412 curtata,
285 1346 439 1402 unctionem
465 1357 551 1412 usque
576 1342 643 1396 adeo
659 1342 857 1398 incommodam
877 1339 928 1410 ipsi
977 1341 1120 1410 capitibus,
1142 1355 1202 1410 quae
1219 1342 1366 1411 scriptores
1387 1342 1563 1397 Germanicos
1581 1342 1659 1412 longe
1672 1359 1687 1397 a
1702 1346 1773 1398 toti·

131 1418 265 1488 magistro
281 1414 503 1472 cereutoniarum
524 1412 789 1481 repraesentatit;ut
807 1412 929 1480 cibopo-
977 1411 1186 1465 ratenberrasse
1206 1411 1315 1482 planum
1328 1410 1439 1466 iaciunt.
1455 1409 1495 1466 lle
1514 1412 1631 1482 primum
1645 1411 1770 1469 civitates

131 1497 215 1558 tuque
241 1486 490 1555 interrumpendam
513 1482 600 1536 lassus
622 1480 721 1545 inerit,
746 1496 781 1536 ne
801 1481 874 1535 vires
894 1478 927 1534 ad
976 1478 1128 1536 Germanice
1137 1480 1270 1552 lludclplti
1282 1480 1354 1551 regis
1365 1480 1547 1536 Romanorum
1559 1481 1683 1536 electioni
1696 1483 1772 1552 plau-

129 1557 327 1627 perficiendam
350 1555 505 1611 delicerent.
531 1550 687 1606 thudolui
711 1566 762 1622 ego
782 1551 853 1621 apud
877 1564 927 1622 pa·
977 1547 1072 1605 &ntes
1094 1549 1159 1621 (lib.
1184 1565 1205 1615 ι,
1218 1565 1262 1621 ep.
1278 1549 1312 1622 li)
1330 1550 1402 1621 regis
1423 1549 1530 1605 llomm.
1555 1551 1646 1605 setlem
1660 1551 1772 1607 Germe-

218 1625 293 1695 quod
307 1639 357 1682 nos
367 1623 424 1678 ltsli
441 1638 495 1678 uon
509 1620 652 1676 fuissemus
670 1620 706 1675 ita
724 1620 843 1691 providi,
858 1621 929 1674 sicut
977 1619 1049 1673 niam
1066 1633 1126 1676 csse
1140 1627 1273 1676 testantur
1286 1633 1294 1674 ι
1309 1619 1431 1683 Lutetttr,
1447 1628 1471 1673 et
1487 1619 1633 1703 proteletur
1652 1623 1712 1674 tetis
1733 1624 1772 1676 cl-

156 1697 247 1767 ispaui
268 1711 318 1766 pro
335 1692 457 1764 principe
477 1706 536 1752 suo,
549 1690 593 1745 eui
606 1690 780 1746 relectionem
800 1688 929 1761 preordi-
976 1688 1092 1744 tcemiss
1114 1689 1265 1746 letabunda
1281 1699 1306 1745 et
1320 1688 1540 1744 lundensium-ta
1555 1688 1718 1745 Germania:
1734 1693 1774 1748 sic

129 1775 280 1830 saverant;
297 1780 348 1819 sos
360 1772 450 1818 summ
466 1761 535 1817 nibil
547 1761 761 1831 cogitaveramus
773 1775 824 1832 pro
835 1765 928 1815 nostro
978 1773 1032 1813 una
1041 1772 1076 1813 es
1089 1758 1245 1815 uirtutibus
1256 1774 1306 1814 suo
1322 1760 1378 1828 regi
1397 1759 1577 1814 obedientlam
1599 1761 1771 1830 promittens.

128 1835 271 1916 pontifice,
284 1835 332 1904 qui
350 1833 463 1888 multum
484 1830 644 1900 defatigatus
662 1838 838 1894 remanserat,
860 1829 927 1884 bom
942 1841 965 1904 p
978 1828 1013 1882 Et
1023 1829 1081 1899 ipse
1093 1828 1248 1899 liudolphus
1257 1828 1281 1883 x
1290 1829 1421 1900 Gregorio
1431 1829 1652 1901 timilcatlltid.
1661 1843 1704 1901 ep.
1716 1831 1772 1894 lii,

129 1920 185 1974 mm
203 1905 281 1959 tartla
301 1917 385 1974 prope
405 1902 437 1958 st
453 1909 482 1956 et
494 1901 582 1956 adbuc
598 1900 769 1969 equitaturus
790 1913 852 1954 cum
870 1898 928 1955 Cau-
978 1901 1049 1969 quod
1061 1899 1202 1981 principes,
1214 1898 1333 1964 brenen
1348 1900 1474 1963 ciuitates,
1489 1907 1586 1962 cautu,
1600 1910 1625 1954 et
1641 1900 1694 1954 ulio
1705 1894 1774 1956 ltott'n

118 1970 686 2101 urrunnu
855 1970 929 2094 ur
977 1968 1655 2093 auctoritateret

132 2061 235 2185 (3230,
255 2130 285 2168 n.
301 2112 364 2236 35ἐῖ
377 2111 453 2179 (ὶιιοά
465 2111 489 2164 si
504 2119 566 2180 post
575 2108 645 2191 duas
656 2054 930 2192 bnrffmnitayttculs
978 2106 1043 2162 olim
1057 2107 1157 2189 regalis
1168 2076 1318 2173 dicebatur,
1333 2053 1515 2164 bobffiuute'm
1527 2054 1772 2190 mappppupfnppss

131 2181 324 2246 mussare,
358 2197 383 2237 tc
399 2181 433 2236 ad
449 2190 558 2250 pontem
580 2178 691 2234 Aduant
707 2188 806 2234 rerern
826 2175 928 2243 debuit,
978 2175 1103 2239 domtus,
1121 2177 1227 2247 imperii
1250 2176 1349 2232 buibos
1364 2178 1497 2233 contineri
1513 2178 1634 2233 exbtscc
1650 2181 1773 2245 epistolis

132 2252 391 2334 ibiquelercsutum
404 2249 461 2305 iere
473 2250 580 2349 equites
591 2250 663 2306 nudo
678 2263 744 2305 ense
758 2257 799 2306 ter
810 2247 930 2320 singulos
979 2255 1064 2372 petet.
1083 2246 1204 2303 ucunoa
1224 2261 1282 2319 prae
1298 2247 1360 2329 aliis
1377 2261 1458 2318 quarn
1478 2248 1569 2303 Pisani
1592 2246 1718 2305 dicullinl
1738 2251 1772 2306 sd

131 2319 930 2458 mmrrmsutcllifiltilllbutsit
980 2317 1156 2457 illusit
1175 2317 1314 2457 duit.
1333 2332 1397 2458 tlt,
1415 2318 1774 2457 teutboldus

15 2464 16 2475 ¹
132 2469 311 2517 muceranus
325 2459 461 2530 progmtli,
478 2457 652 2529 pontifexque
668 2472 718 2528 per
735 2458 930 2514 Transtiberim
980 2465 1119 2525 quuutcr:
1133 2455 1212 2527 Lenes
1234 2466 1367 2521 omnent,
1389 2456 1615 2539 utmucpptcbnt,
1631 2461 1774 2531 untiqrtitot

129 2533 166 2586 ad
215 2529 311 2585 latium
332 2529 442 2594 reuerti,
465 2539 579 2599 sterque
596 2543 659 2583 eum
682 2542 794 2597 pompm
821 2528 931 2584 lectoris
979 2536 1146 2595 protectorer,
1161 2526 1231 2597 quod
1249 2524 1500 2598 neccommittam,
1523 2527 1595 2582 tttde
1616 2532 1716 2586 euteria
1729 2540 1772 2586 tu-

15 2606 16 2613 ’
130 2598 159 2669 iu
182 2600 267 2656 icium
290 2607 359 2664 esto,
383 2607 464 2668 quota
482 2599 551 2653 ltors
568 2597 605 2653 im
641 2605 805 2653 ratoratot
822 2605 931 2668 tamque
980 2611 1064 2661 tecm,
1096 2594 1241 2649 Tuscorum
1261 2597 1331 2666 cepio
1354 2597 1450 2652 temiut
1468 2596 1516 2651 sul
1538 2597 1682 2653 tributo...
1706 2601 1775 2656 Eece

131 2669 251 2725 dirersis
268 2669 408 2725 laboribus
425 2669 587 2739 quiesceret.
639 2667 677 2722 'bi
696 2667 805 2739 quidem
824 2667 932 2723 titletur
979 2665 1114 2745 prouincia
1129 2663 1239 2729 Tuccio,
1257 2681 1316 2736 ptttc
1331 2666 1373 2720 tei
1395 2666 1587 2737 propinquitate
1609 2668 1645 2722 ud
1661 2669 1774 2725 Rotnani

15 2752 16 2757 ¹
131 2740 205 2794 ritus
225 2739 277 2800 iste
295 2747 350 2793 tam
368 2738 509 2820 diuturnus
532 2738 566 2793 ad
588 2737 709 2819 priscum
731 2752 836 2820 morem
854 2751 931 2793 tero
980 2735 1084 2804 tepent·
1109 2734 1181 2805 mem
1203 2735 1290 2816 sedem
1312 2743 1438 2818 tenpurun
1463 2735 1608 2807 principale
1629 2740 1774 2794 nnmerum

15 2812 16 2835 ¹
130 2810 238 2866 oundm
249 2823 320 2871 esse,
335 2821 399 2864 nam
419 2823 477 2877 ipse
495 2822 525 2864 se
541 2806 698 2862 manifestat
710 2814 850 2878 smpttuu,
868 2821 930 2862 cum
980 2819 1029 2857 tato
1042 2804 1143 2858 descret
1156 2813 1234 2874 cupttr
1245 2802 1404 2874 {nmdturtttt
1414 2805 1612 2876 respondere...
1631 2806 1711 2879 Lepet
1724 2809 1773 2864 Pi·

15 2898 17 2913 .
129 2877 276 2934 mmmm,
294 2875 416 2932 Romana
427 2878 593 2934 desueverat,
980 2873 1151 2928 sunamites
1164 2873 1330 2927 r'ttt'rttt'eorttttt
1343 2873 1432 2928 tortili·
1449 2873 1539 2946 plodio
1556 2878 1651 2931 autumi
1666 2880 1774 2949 pontifi·
1817 2920 1825 2934 .

15 2982 16 3030 l
130 2993 220 3064 ers
235 2989 404 3064 ιιι-ιι
419 2988 492 3045 uo
505 2989 587 3045 ut..
599 2988 769 3062 epistolarum
787 2987 929 3060 ntnm.
981 2943 1082 3083 ilci?
1096 2941 1775 3086 'il‘olid·dilicii‘lidllllllli

168 3083 251 3139 tull.
271 3081 331 3139 lam
347 3099 412 3140 vero
426 3084 460 3140 ad
479 3083 612 3154 Rudolpbi
630 3083 858 3155 epistolasrcuio,
870 3084 931 3154 qui·
982 3082 1018 3138 od
1093 3028 1208 3147 tilYoem,
1233 3092 1264 3136 ttt
1281 3083 1314 3138 de
1336 3100 1384 3138 sno
1411 3083 1571 3155 beneplacito
1593 3096 1619 3140 et
1646 3103 1775 3145 cortuum

130 3154 186 3235 bos
213 3152 368 3209 ueoessario
388 3154 514 3224 praemitti
537 3153 656 3223 oportuit
676 3169 844 3224 quaecunque
865 3161 928 3209 sunt
980 3152 1001 3221 ll
1052 3153 1058 3165 “
1075 3169 1106 3210 ttt
1123 3153 1260 3208 decideriis
1274 3155 1363 3208 uentu
1374 3153 1449 3225 plene
1459 3154 1583 3236 conpleri
1599 3155 1684 3211 celent
1696 3176 1775 3241 super

132 3223 209 3279 ducta
236 3224 270 3278 de
293 3223 424 3280 ebetione
449 3224 520 3296 regis
542 3224 735 3289 Romanorum,
762 3224 849 3293 deque
870 3223 928 3293 dos
942 3188 966 3251 c
980 3221 1022 3277 bis
1038 3238 1099 3294 qe·
1111 3232 1195 3280 restro
1215 3223 1305 3294 petitio
1326 3224 1484 3279 continebat.
1500 3224 1608 3280 Dissidii
1622 3242 1711 3284 causac
1730 3246 1773 3284 ut-

129 3292 311 3349 coronatione
336 3292 458 3349 Romana
484 3308 532 3363 per
557 3309 652 3348 manus
675 3292 821 3363 pontilicis,
848 3309 929 3364 quatu
980 3298 1023 3347 ter
1072 3293 1192 3350 utiboen
1205 3300 1233 3348 et
1248 3291 1361 3350 Pisonen
1379 3293 1501 3350 ridendae
1518 3295 1591 3365 apud
1605 3296 1772 3368 [lupualdum

152 3363 198 3418 uia
224 3359 383 3432 Rnuclplrus
406 3363 526 3432 impense
542 3363 640 3433 saepius
663 3363 774 3433 petitam
794 3379 931 3433 uunquam
979 3361 1033 3432 (tt
1051 3363 1077 3425 5,
1094 3379 1122 3417 u.
1138 3362 1174 3419 52
1187 3377 1264 3434 seqq.
1273 3361 1294 3444 l

129 3377 186 3556 {rit
202 3446 235 3556 st
282 3439 355 3554 utuls,
372 3432 544 3558 impegamrps
558 3448 656 3488 nomeu
671 3448 725 3557 ppo
739 3440 783 3558 (pst
805 3433 928 3558 argeptus.
1016 3432 1108 3489 xilv.
1127 3429 1232 3514 bamus
1242 3440 1478 3558 mpatenpex
1491 3433 1626 3505 liudolpbi
1639 3437 1771 3525 epistulis,

131 3515 231 3627 ,oo
280 3501 430 3626 ulturi
445 3502 737 3654 uurluruu
750 3517 931 3628 ursus
979 3510 1254 3641 mu,
1267 3520 1772 3636 cccc...

131 3642 225 3704 rebat,
265 3641 380 3711 bbonso
392 3639 518 3710 Septente
530 3641 683 3713 superstite,
698 3657 730 3697 ac
744 3643 930 3724 vehementius
979 3587 1061 3723 brat,
1081 3643 1153 3697 liuns
1166 3641 1450 3713 pmloctoprotinelas
1466 3644 1647 3702 lixarclratum
1663 3658 1693 3705 et
1706 3650 1774 3706 Pen-

130 3723 218 3779 quam
233 3718 315 3765 antea
327 3723 454 3765 coronam
470 3726 485 3766 a
504 3720 621 3782 petente,
647 3710 815 3766 denuntiant
830 3711 931 3767 electo-
980 3710 1091 3781 tapolrm
1113 3710 1281 3767 Francorum
1303 3726 1396 3781 regum
1414 3712 1521 3783 Pippiui
1534 3723 1562 3769 et
1575 3715 1665 3773 Caroli
1684 3718 1725 3774 lla
1763 3720 1772 3775 i

132 3781 224 3845 ribus,
246 3793 287 3844 se,
309 3779 361 3861 nisi
375 3793 465 3851 regem
479 3726 661 3864 bumanorum
673 3781 833 3851 quantocius
849 3780 931 3852 elige-
979 3779 1172 3837 donationibus
1184 3781 1303 3836 nitentes
1319 3781 1525 3853 quibuscunque
1540 3784 1602 3840 aliis
1620 3737 1774 3845 donatioffrril·

131 3857 208 3912 rent,
244 3849 395 3918 apostoliea
420 3859 579 3906 auctontate
605 3864 667 3905 enm
701 3851 928 3906 renuntiatumnt.
979 3849 1030 3907 ltus
1043 3865 1103 3907 esse
1116 3851 1282 3921 antiquiores
1297 3849 1484 3907 latetomuino
1497 3853 1644 3918 nerninem.
1657 3857 1774 3916 Perinde

130 3917 320 3985 Quamobrem
335 3919 488 3988 diequarte
504 3918 629 3976 Octobris
642 3919 705 3975 soni
720 3919 930 3989 tutusquet-
979 3933 1074 3976 omnes
1094 3929 1195 3975 norunt
1209 3920 1393 3975 lnnooemiutn
1408 3920 1453 3985 lll,
1464 3929 1526 3992 post
1538 3935 1711 3996 usurpem
1732 3928 1774 3984 dt.

131 3991 258 4043 uirorum
281 4002 415 4044 consenso
440 3985 597 4060 liudolphus
617 3990 719 4044 clectus
742 3988 802 4044 luit.
825 3988 930 4044 interea
980 3987 1068 4045 dones
1077 3997 1200 4055 neuras,
1218 3990 1350 4046 amisisse
1365 3991 1475 4047 nuntios
1490 3999 1519 4047 et
1532 3991 1682 4075 legatosod
1697 4013 1774 4055 reeu-

128 4055 285 4128 Gregorins
299 4055 395 4113 eodem
412 4073 528 4113 annona
542 4058 698 4115 Urbereteri
714 4058 879 4114 florentium
900 4073 931 4115 se
978 4059 1129 4127 petendum
1147 4059 1327 4115 Exarcbotum
1352 4060 1496 4125 mucuns,
1521 4062 1729 4134 Brtctonorium,
1743 4074 1774 4128 et

128 4127 291 4182 emrtulerat
312 4127 402 4183 medio
420 4143 513 4184 mense
527 4126 616 4192 lunio,
635 4128 699 4183 hinc
720 4127 886 4184 Placentiam
902 4128 929 4182 iu
980 4136 1081 4184 terram
1110 4126 1378 4194 Caraleacomitis‚t
1406 4137 1438 4185 ut
1465 4139 1508 4187 est
1535 4132 1562 4187 iu
1591 4133 1650 4203 eius
1681 4136 1794 4195 Gestis'
1821 4175 1824 4180 ·

127 4195 931 4337 titiisolemnissillltitlilrlli
979 4196 1385 4325 iiilu¹ll.·.lli.iitltl⁶
1400 4201 1544 4326 isliu
1566 4202 1709 4264 ¹³²le
1724 4223 1769 4264 ²⁸·

128 4336 181 4390 uui
197 4335 344 4390 concilium
358 4335 547 4391 celebrandurn
560 4284 621 4392 staff
639 4337 761 4407 sequenti
776 4352 857 4392 anno
872 4336 930 4404 Qua
981 4336 1110 4395 Romanis
1131 4338 1304 4409 pontificibus
1382 4286 1731 4418 esiuesllatsesgnfftot?⁰3⁴5}¹
1744 4294 1773 4404 θαι

127 4404 246 4487 inpube
262 4413 399 4460 moratum
415 4419 574 4476 essemque
583 4406 616 4462 ad
633 4421 678 4460 au.
694 4405 773 4471 1275,
810 4407 928 4462 ridield.
979 4407 1119 4490 priuilegia
1135 4410 1304 4464 ostendebat
1322 4384 1641 4483 Bmctouoriumquoqu’e
1660 4432 1772 4473 conces-

126 4474 220 4529 blatas
234 4475 391 4544 llaynaldus
406 4474 483 4546 (eod.
499 4490 544 4529 an.
559 4491 587 4529 n.
608 4475 642 4546 l)
663 4475 778 4547 regestis
791 4421 930 4533 &uticanis
980 4491 1040 4531 sum
1053 4477 1137 4534 luisse
1150 4479 1265 4534 denoto
1275 4480 1311 4535 ab
1320 4478 1473 4536 Alexandro
1492 4493 1561 4550 papa
1573 4482 1637 4538 dum
1650 4485 1772 4544 Veneriis

125 4544 315 4598 deutonstrat.
336 4542 405 4598 Turn
420 4558 485 4600 sero
496 4545 696 4614 belliquadrum
751 4545 794 4600 tiit
812 4546 930 4602 collocu—
944 4535 969 4597 Ι)
981 4558 1142 4602 moraretur.
1158 4546 1316 4618 Supersedit
1328 4561 1393 4621 erpo
1409 4550 1534 4606 domiuus
1549 4549 1641 4609 lnnoc.
1656 4557 1774 4625 pruden-

125 4620 214 4667 tarus
231 4612 357 4668 Castelle
379 4627 480 4682 regem,
494 4629 574 4684 metu
592 4559 817 4695 multiacsseersus
830 4615 930 4671 liudol-
981 4623 1023 4670 ter
1042 4616 1077 4671 ad
1092 4625 1197 4688 tempus
1215 4617 1382 4689 magisquaru
1400 4633 1482 4690 super
1503 4620 1555 4676 boc
1572 4624 1653 4680 rellet
1671 4626 1772 4697 aliquid

124 4683 220 4753 pluam
283 4684 431 4748 cubantem
446 4683 517 4739 uude
535 4683 571 4739 Se
590 4685 687 4739 leutbrt
706 4698 931 4756 menscproqres-
980 4686 1134 4756 experirit
1154 4686 1190 4741 lit
1202 4688 1374 4758 postmodum
1401 4687 1526 4744 ottonem
1547 4689 1582 4747 lV
1598 4708 1630 4748 ac
1653 4691 1773 4752 Frideri-

122 4767 180 4807 sus
198 4761 241 4806 est
278 4752 397 4818 ienuam,
410 4760 438 4808 et
456 4700 626 4823 postmotfum
639 4753 798 4816 Lausauam,
813 4754 930 4810 ublcum
980 4769 1042 4809 curn
1054 4755 1077 4811 ll
1089 4757 1317 4826 predecessorum
1326 4759 1448 4813 omnium
1461 4758 1601 4817 invasores
1609 4762 1688 4819 lacile
1731 4767 1772 4821 in-

123 4821 281 4890 Rutlolplto
303 4821 353 4877 coll
392 4822 467 4877 oium
494 4822 588 4877 habuit
617 4837 710 4878 mense
736 4821 857 4879 Octobri.
882 4825 931 4880 llie
981 4824 1064 4894 cipes,
1088 4826 1199 4896 amiqua
1215 4837 1243 4883 et
1256 4835 1330 4881 certa
1343 4825 1494 4896 husjusmodi
1510 4828 1567 4883 'ura
1580 4846 1650 4901 pene
1665 4780 1773 4891 obfftte-

119 4836 545 4976 dundcucestrns⁰botenoris
568 4892 596 4947 iu
622 4892 790 4949 dedicatione
812 4892 931 4950 basilicae
980 4907 1056 4949 rasse
1068 4905 1184 4951 constat.
1202 4897 1381 4964 Quamobrem
1403 4844 1544 4968 Rudolpbc
1558 4902 1688 4959 varietate
1704 4919 1772 4975 prm·

120 4961 224 5017 mett
242 4960 318 5015 Petri
338 4962 519 5044 promulgarit
534 4970 779 5031 pmcessuseoutra
793 4964 932 5019 invasores
980 4964 1075 5019 sertim
1099 4966 1237 5021 nominum
1263 4965 1385 5036 decepto,
1411 4968 1586 5037 usqueadeo
1611 4985 1770 5041 persumum

118 5032 272 5088 bonorum
286 5031 425 5097 Ecclestae,
438 5032 579 5087 Mediolani
593 5032 621 5087 io
638 5032 750 5089 basilica
766 5033 853 5088 sancti
867 5034 932 5088 Am-
981 5042 1051 5100 erat,
1078 5043 1219 5107 utrumque
1236 5036 1412 5119 provinciam,
1437 5036 1621 5095 Romandiolte
1641 5056 1674 5096 ac
1691 5042 1771 5098 ldari-

120 5101 233 5156 brosil.
248 5099 425 5156 Postmodum
446 5101 611 5157 Placentiam
636 5103 733 5158 iterum
753 5103 829 5168 adiit,
844 5110 871 5157 et
888 5103 931 5159 die
981 5102 1175 5160 timcuonriue
1188 5112 1328 5170 mertens,
1345 5106 1565 5177 imperii-linibus
1578 5110 1725 5167 contineri·
1741 5123 1772 5176 ut

119 5172 161 5228 l8
179 5170 345 5226 Decembris
360 5170 535 5227 Florentiam.
557 5172 677 5243 Denique
689 5172 811 5228 brutium
826 5188 855 5228 se
868 5188 932 5228 eon-
981 5170 1045 5242 (lib.
1061 5189 1081 5239 r,
1102 5188 1145 5244 ep.
1166 5175 1201 5231 24
1218 5183 1245 5229 et
1265 5174 1360 5245 seqq.)
1376 5191 1423 5232 eas
1441 5177 1577 5248 appellare
1596 5194 1649 5236 non
1666 5155 1772 5239 dubitet

117 5243 210 5306 tulit,
234 5240 292 5305 ant,
304 5241 427 5310 sequenti
444 5253 516 5296 auno
533 5241 603 5296 {tlt
619 5243 738 5303 ineunte.
757 5243 825 5298 obiit
838 5257 933 5314 supre-
980 5242 1123 5313 cleriorum
1141 5245 1243 5316 imperii
1259 5247 1428 5315 centenum,
1445 5254 1576 5318 praeterea
1596 5249 1704 5306 illarum
1724 5255 1771 5308 ad-

118 5326 212 5366 num
225 5309 300 5365 diem
314 5310 349 5365 lll
362 5308 492 5366 ianuarii.
509 5310 588 5368 Circa
605 5313 656 5368 ista
676 5321 796 5382 tempora
807 5322 932 5368 tersatm
982 5313 1206 5370 ministrationem
1236 5315 1328 5373 comiti
1358 5315 1577 5387 Furstcmlterpio
1603 5322 1770 5388 committat,

114 5378 318 5452 epistolarum
329 5380 398 5436 liber
409 5382 522 5452 primm.
542 5382 661 5452 Epistola
678 5382 772 5438 ultima
785 5381 847 5439 libri
865 5382 932 5438 alte-
980 5384 1125 5454 pluresque
1136 5385 1233 5441 bacile
1246 5385 1386 5440 rescribat
1436 5388 1664 5457 'smlasquarum
1678 5393 1772 5460 primae

116 5453 189 5507 rins
215 5451 301 5506 bosco
321 5451 403 5506 babet
423 5452 596 5508 chamctercs
609 5453 686 5508 raldo
704 5454 861 5523 perspicuos
879 5454 932 5509 diei
981 5454 1076 5509 titulus
1090 5453 1300 5526 lcttfflpncttt
1312 5463 1369 5526 etp
1421 5457 1522 5510 entium
1537 5458 1598 5512 citit
1613 5461 1772 5519 metationi-

115 5520 355 5591 sunnurniac.
371 5520 441 5578 ltts
458 5523 614 5578 t'ttcrnttiuo
629 5523 696 5578 beuti
713 5521 930 5577 Burtltolottttri...
983 5525 1201 5590 taurominium,
1220 5524 1363 5588 notitione,
1384 5526 1536 5595 capitaneis,
1554 5528 1772 5602 eicientempnte·
1818 5535 1822 5544 “

115 5607 216 5646 nune
232 5590 478 5661 munisterio.
493 5591 673 5648 Liberautem
687 5592 783 5648 tertius
812 5593 932 5648 euenire
982 5594 1101 5656 statibus,
1116 5596 1244 5657 nunonis,
1263 5604 1287 5648 et
1301 5593 1402 5664 pepulit
1420 5596 1546 5651 unirertit
1565 5611 1611 5668 pet
1630 5597 1772 5658 llomunio-

115 5660 494 5717 mossellanorum
508 5670 639 5732 tempora,
661 5678 723 5717 nam
743 5609 875 5732 Rufolplti
890 5680 932 5717 rc·
982 5664 1036 5718 lam
1061 5673 1084 5718 et
1114 5664 1275 5720 domimum
1306 5666 1462 5719 constitutit.
1489 5664 1588 5721 Contra
1614 5685 1719 5739 acquum
1743 5682 1772 5730 et

114 5747 165 5803 ‚ts
176 5744 294 5800 nuper
307 5730 418 5806 Aquari
429 5731 575 5801 dimomste
588 5732 736 5817 clauditur,
748 5730 819 5814 quod
832 5741 874 5787 est
884 5733 933 5788 da·
983 5742 1086 5818 rectum
1100 5735 1126 5790 id
1139 5733 1240 5817 lactum
1254 5746 1314 5818 esse
1330 5733 1514 5805 intelligimus.
1539 5735 1720 5796 Nihilominus
1732 5744 1770 5797 rei

117 5814 191 5860 m
213 5798 514 5872 Equumtuticum
531 5801 690 5872 Decemlrn,
705 5801 801 5858 lndtct.
819 5817 933 5870 tuntum
982 5811 1096 5862 tentate
1110 5812 1191 5861 ettam
1205 5813 1322 5876 cognita,
1342 5811 1369 5861 et
1384 5815 1554 5862 sscmmcnto
1567 5810 1702 5878 pollicitus
1717 5813 1757 5868 ltu
