<?xml version="1.0" encoding="UTF-8"?>
<!DOCTYPE html PUBLIC "-//W3C//DTD XHTML 1.0 Transitional//EN"
    "http://www.w3.org/TR/xhtml1/DTD/xhtml1-transitional.dtd">
<html xmlns="http://www.w3.org/1999/xhtml" xml:lang="en" lang="en">
 <head>
  <title>
</title>
<meta http-equiv="Content-Type" content="text/html;charset=utf-8" />
  <meta name='ocr-system' content='tesseract 3.04.00' />
  <meta name='ocr-capabilities' content='ocr_page ocr_carea ocr_par ocr_line ocrx_word'/>
</head>
<body>
  <div class='ocr_page' id='page_1' title='image "./patrologiaecurs136unkngoog_0259.png"; bbox 0 0 4050 6192; ppageno 0'>
   <div class='ocr_carea' id='block_1_1' title="bbox 148 279 1762 474">
    <p class='ocr_par' dir='ltr' id='par_1_1' title="bbox 148 279 1762 474">
     <span class='ocr_line' id='line_1_1' title="bbox 148 279 1762 350; baseline -0.002 -3"><span class='ocrx_word' id='word_1_1' title='bbox 148 289 191 346; x_wconf 77' lang='lat' dir='ltr'><strong>tua</strong></span> <span class='ocrx_word' id='word_1_2' title='bbox 220 284 291 344; x_wconf 83' lang='lat' dir='ltr'><strong>tou.</strong></span> <span class='ocrx_word' id='word_1_3' title='bbox 310 283 397 340; x_wconf 72' lang='lat' dir='ltr'><strong>blm.</strong></span> <span class='ocrx_word' id='word_1_4' title='bbox 416 313 452 326; x_wconf 91' lang='lat'><strong>·-</strong></span> <span class='ocrx_word' id='word_1_5' title='bbox 469 281 617 348; x_wconf 68' lang='lat' dir='ltr'><strong>nouum,</strong></span> <span class='ocrx_word' id='word_1_6' title='bbox 637 279 727 350; x_wconf 77' lang='lat' dir='ltr'><strong>stc,</strong></span> <span class='ocrx_word' id='word_1_7' title='bbox 746 285 812 344; x_wconf 83' lang='lat' dir='ltr'><strong>Slill</strong></span> <span class='ocrx_word' id='word_1_8' title='bbox 831 281 947 341; x_wconf 73' lang='lat' dir='ltr'><strong>cubas</strong></span> <span class='ocrx_word' id='word_1_9' title='bbox 965 281 1211 340; x_wconf 44' lang='lat' dir='ltr'><strong>celebribus-</strong></span> <span class='ocrx_word' id='word_1_10' title='bbox 1223 284 1309 342; x_wconf 66' lang='lat' dir='ltr'><strong>otas.</strong></span> <span class='ocrx_word' id='word_1_11' title='bbox 1330 283 1363 339; x_wconf 84' lang='lat' dir='ltr'><strong>lli</strong></span> <span class='ocrx_word' id='word_1_12' title='bbox 1384 283 1459 340; x_wconf 80' lang='lat' dir='ltr'><strong>EPP.</strong></span> <span class='ocrx_word' id='word_1_13' title='bbox 1479 284 1604 342; x_wconf 71' lang='lat' dir='ltr'><strong>aluums</strong></span> <span class='ocrx_word' id='word_1_14' title='bbox 1621 286 1665 341; x_wconf 90' lang='lat' dir='ltr'><strong>ill.</strong></span> <span class='ocrx_word' id='word_1_15' title='bbox 1707 287 1762 343; x_wconf 68' lang='lat' dir='ltr'><strong>bid</strong></span> 
     </span>
     <span class='ocr_line' id='line_1_2' title="bbox 148 391 1762 474; baseline 0.002 -26"><span class='ocrx_word' id='word_1_16' title='bbox 148 403 222 474; x_wconf 61' lang='lat' dir='ltr'><strong>gaus,</strong></span> <span class='ocrx_word' id='word_1_17' title='bbox 235 408 344 466; x_wconf 80' lang='lat' dir='ltr'><strong>qrmmm</strong></span> <span class='ocrx_word' id='word_1_18' title='bbox 357 392 443 447; x_wconf 87' lang='lat' dir='ltr'><strong>series</strong></span> <span class='ocrx_word' id='word_1_19' title='bbox 455 407 508 450; x_wconf 87' lang='lat' dir='ltr'><strong>nun</strong></span> <span class='ocrx_word' id='word_1_20' title='bbox 524 391 632 456; x_wconf 89' lang='lat' dir='ltr'><strong>defecit,</strong></span> <span class='ocrx_word' id='word_1_21' title='bbox 649 393 724 449; x_wconf 88' lang='lat' dir='ltr'><strong>licuit</strong></span> <span class='ocrx_word' id='word_1_22' title='bbox 743 394 917 466; x_wconf 76' lang='lat' dir='ltr'><strong>pontificibus</strong></span> <span class='ocrx_word' id='word_1_23' title='bbox 933 398 954 455; x_wconf 73' lang='grc' dir='ltr'><strong>Α</strong></span> <span class='ocrx_word' id='word_1_24' title='bbox 970 406 1016 444; x_wconf 85' lang='lat' dir='ltr'><strong>sex</strong></span> <span class='ocrx_word' id='word_1_25' title='bbox 1034 391 1087 448; x_wconf 85' lang='lat' dir='ltr'><strong>rasi</strong></span> <span class='ocrx_word' id='word_1_26' title='bbox 1105 393 1201 457; x_wconf 79' lang='lat' dir='ltr'><strong>lrnrlta,</strong></span> <span class='ocrx_word' id='word_1_27' title='bbox 1215 393 1261 448; x_wconf 90' lang='lat' dir='ltr'><strong>alii</strong></span> <span class='ocrx_word' id='word_1_28' title='bbox 1276 393 1380 464; x_wconf 75' lang='lat' dir='ltr'><strong>prolixo</strong></span> <span class='ocrx_word' id='word_1_29' title='bbox 1401 396 1513 465; x_wconf 74' lang='lat' dir='ltr'><strong>mystice</strong></span> <span class='ocrx_word' id='word_1_30' title='bbox 1527 397 1687 453; x_wconf 81' lang='lat' dir='ltr'><strong>incedebant</strong></span> <span class='ocrx_word' id='word_1_31' title='bbox 1698 415 1762 456; x_wconf 72' lang='lat' dir='ltr'><strong>enm</strong></span> 
     </span>
    </p>
   </div>
   <div class='ocr_carea' id='block_1_2' title="bbox 138 459 919 1725">
    <p class='ocr_par' dir='ltr' id='par_1_2' title="bbox 147 459 674 532">
     <span class='ocr_line' id='line_1_3' title="bbox 147 459 674 532; baseline -0.011 -10"><span class='ocrx_word' id='word_1_32' title='bbox 147 473 175 527; x_wconf 79' lang='lat' dir='ltr'><strong>ad</strong></span> <span class='ocrx_word' id='word_1_33' title='bbox 186 472 215 522; x_wconf 90' lang='lat' dir='ltr'><strong>iro</strong></span> <span class='ocrx_word' id='word_1_34' title='bbox 261 463 337 518; x_wconf 87' lang='lat' dir='ltr'><strong>ialem</strong></span> <span class='ocrx_word' id='word_1_35' title='bbox 351 459 509 532; x_wconf 83' lang='lat' dir='ltr'><strong>dignitatem</strong></span> <span class='ocrx_word' id='word_1_36' title='bbox 523 461 674 517; x_wconf 84' lang='lat' dir='ltr'><strong>srrblerare.</strong></span> 
     </span>
    </p>

    <p class='ocr_par' dir='ltr' id='par_1_3' title="bbox 138 532 919 1725">
     <span class='ocr_line' id='line_1_4' title="bbox 175 532 918 601; baseline -0.008 -7"><span class='ocrx_word' id='word_1_37' title='bbox 175 538 215 594; x_wconf 83' lang='lat' dir='ltr'><strong>liii</strong></span> <span class='ocrx_word' id='word_1_38' title='bbox 242 534 293 590; x_wconf 79' lang='lat' dir='ltr'><strong>tlt.</strong></span> <span class='ocrx_word' id='word_1_39' title='bbox 318 532 351 588; x_wconf 81' lang='lat' dir='ltr'><strong>Et</strong></span> <span class='ocrx_word' id='word_1_40' title='bbox 369 548 435 586; x_wconf 83' lang='lat' dir='ltr'><strong>uero</strong></span> <span class='ocrx_word' id='word_1_41' title='bbox 449 533 623 601; x_wconf 72' lang='lat' dir='ltr'><strong>praepotentia</strong></span> <span class='ocrx_word' id='word_1_42' title='bbox 642 533 856 588; x_wconf 86' lang='lat' dir='ltr'><strong>Tusculanorum</strong></span> <span class='ocrx_word' id='word_1_43' title='bbox 875 548 918 588; x_wconf 87' lang='lat' dir='ltr'><strong>eu·</strong></span> 
     </span>
     <span class='ocr_line' id='line_1_5' title="bbox 147 601 918 674; baseline -0.01 -9"><span class='ocrx_word' id='word_1_44' title='bbox 147 611 237 671; x_wconf 90' lang='lat' dir='ltr'><strong>mitum,</strong></span> <span class='ocrx_word' id='word_1_45' title='bbox 250 621 306 674; x_wconf 82' lang='lat' dir='ltr'><strong>qna</strong></span> <span class='ocrx_word' id='word_1_46' title='bbox 318 604 369 657; x_wconf 86' lang='lat' dir='ltr'><strong>suh</strong></span> <span class='ocrx_word' id='word_1_47' title='bbox 382 601 463 656; x_wconf 81' lang='lat' dir='ltr'><strong>turen</strong></span> <span class='ocrx_word' id='word_1_48' title='bbox 476 602 539 658; x_wconf 87' lang='lat' dir='ltr'><strong>nuni</strong></span> <span class='ocrx_word' id='word_1_49' title='bbox 561 602 651 658; x_wconf 78' lang='lat' dir='ltr'><strong>seculi</strong></span> <span class='ocrx_word' id='word_1_50' title='bbox 667 603 805 673; x_wconf 69' lang='lat' dir='ltr'><strong>arnulpho</strong></span> <span class='ocrx_word' id='word_1_51' title='bbox 828 602 918 658; x_wconf 87' lang='lat' dir='ltr'><strong>adbuc</strong></span> 
     </span>
     <span class='ocr_line' id='line_1_6' title="bbox 146 672 918 749; baseline -0.009 -16"><span class='ocrx_word' id='word_1_52' title='bbox 146 677 273 749; x_wconf 77' lang='lat' dir='ltr'><strong>superstite</strong></span> <span class='ocrx_word' id='word_1_53' title='bbox 287 687 438 743; x_wconf 79' lang='lat' dir='ltr'><strong>emergens,</strong></span> <span class='ocrx_word' id='word_1_54' title='bbox 465 673 529 727; x_wconf 89' lang='lat' dir='ltr'><strong>dum</strong></span> <span class='ocrx_word' id='word_1_55' title='bbox 547 675 636 742; x_wconf 75' lang='lat' dir='ltr'><strong>magni</strong></span> <span class='ocrx_word' id='word_1_56' title='bbox 656 672 708 728; x_wconf 92' lang='lat' dir='ltr'><strong>duo</strong></span> <span class='ocrx_word' id='word_1_57' title='bbox 727 672 814 728; x_wconf 74' lang='lat' dir='ltr'><strong>amuli</strong></span> <span class='ocrx_word' id='word_1_58' title='bbox 831 673 918 727; x_wconf 78' lang='lat' dir='ltr'><strong>Lude</strong></span> 
     </span>
     <span class='ocr_line' id='line_1_7' title="bbox 147 742 915 812; baseline -0.01 -9"><span class='ocrx_word' id='word_1_59' title='bbox 147 744 248 804; x_wconf 85' lang='lat' dir='ltr'><strong>rieuslll</strong></span> <span class='ocrx_word' id='word_1_60' title='bbox 257 754 281 802; x_wconf 93' lang='lat' dir='ltr'><strong>et</strong></span> <span class='ocrx_word' id='word_1_61' title='bbox 294 742 474 812; x_wconf 73' lang='lat' dir='ltr'><strong>berengarius</strong></span> <span class='ocrx_word' id='word_1_62' title='bbox 483 742 516 797; x_wconf 88' lang='lat' dir='ltr'><strong>de</strong></span> <span class='ocrx_word' id='word_1_63' title='bbox 528 757 610 812; x_wconf 73' lang='lat' dir='ltr'><strong>reptio</strong></span> <span class='ocrx_word' id='word_1_64' title='bbox 624 742 707 798; x_wconf 72' lang='lat' dir='ltr'><strong>ltaliae</strong></span> <span class='ocrx_word' id='word_1_65' title='bbox 730 744 915 806; x_wconf 72' lang='lat' dir='ltr'><strong>decertabant,</strong></span> 
     </span>
     <span class='ocr_line' id='line_1_8' title="bbox 146 813 915 884; baseline -0.005 -10"><span class='ocrx_word' id='word_1_66' title='bbox 146 818 256 878; x_wconf 81' lang='lat' dir='ltr'><strong>adoleuit,</strong></span> <span class='ocrx_word' id='word_1_67' title='bbox 275 829 306 869; x_wconf 89' lang='lat' dir='ltr'><strong>ac</strong></span> <span class='ocrx_word' id='word_1_68' title='bbox 320 814 436 882; x_wconf 84' lang='lat' dir='ltr'><strong>deniqne</strong></span> <span class='ocrx_word' id='word_1_69' title='bbox 451 813 478 867; x_wconf 91' lang='lat' dir='ltr'><strong>in</strong></span> <span class='ocrx_word' id='word_1_70' title='bbox 497 813 666 872; x_wconf 70' lang='lat' dir='ltr'><strong>tirannidem</strong></span> <span class='ocrx_word' id='word_1_71' title='bbox 684 823 803 883; x_wconf 89' lang='lat' dir='ltr'><strong>apertam</strong></span> <span class='ocrx_word' id='word_1_72' title='bbox 817 813 915 884; x_wconf 79' lang='lat' dir='ltr'><strong>erupit.</strong></span> 
     </span>
     <span class='ocr_line' id='line_1_9' title="bbox 145 873 917 952; baseline -0.012 -7"><span class='ocrx_word' id='word_1_73' title='bbox 145 889 266 945; x_wconf 85' lang='lat' dir='ltr'><strong>horridam</strong></span> <span class='ocrx_word' id='word_1_74' title='bbox 280 884 372 939; x_wconf 78' lang='lat' dir='ltr'><strong>mma</strong></span> <span class='ocrx_word' id='word_1_75' title='bbox 389 883 472 952; x_wconf 78' lang='lat' dir='ltr'><strong>ipsius</strong></span> <span class='ocrx_word' id='word_1_76' title='bbox 502 873 598 938; x_wconf 88' lang='lat' dir='ltr'><strong>faeiem</strong></span> <span class='ocrx_word' id='word_1_77' title='bbox 619 892 803 952; x_wconf 86' lang='lat' dir='ltr'><strong>repraesentat.</strong></span> <span class='ocrx_word' id='word_1_78' title='bbox 864 897 917 936; x_wconf 86' lang='lat' dir='ltr'><strong>ram</strong></span> 
     </span>
     <span class='ocr_line' id='line_1_10' title="bbox 145 951 918 1028; baseline -0.01 -16"><span class='ocrx_word' id='word_1_79' title='bbox 145 959 253 1028; x_wconf 77' lang='lat' dir='ltr'>equidem</span> <span class='ocrx_word' id='word_1_80' title='bbox 266 954 381 1023; x_wconf 79' lang='lat' dir='ltr'><strong>spectari</strong></span> <span class='ocrx_word' id='word_1_81' title='bbox 403 957 473 1007; x_wconf 83' lang='lat' dir='ltr'><strong>malo</strong></span> <span class='ocrx_word' id='word_1_82' title='bbox 488 953 559 1022; x_wconf 86' lang='lat' dir='ltr'><strong>aprrl</strong></span> <span class='ocrx_word' id='word_1_83' title='bbox 574 951 768 1024; x_wconf 81' lang='lat' dir='ltr'><strong>luitprandum</strong></span> <span class='ocrx_word' id='word_1_84' title='bbox 786 960 815 1008; x_wconf 90' lang='lat' dir='ltr'><strong>ct</strong></span> <span class='ocrx_word' id='word_1_85' title='bbox 857 968 918 1006; x_wconf 86' lang='lat' dir='ltr'><strong>aro·</strong></span> 
     </span>
     <span class='ocr_line' id='line_1_11' title="bbox 144 1021 918 1098; baseline -0.01 -14"><span class='ocrx_word' id='word_1_86' title='bbox 144 1032 207 1084; x_wconf 87' lang='lat' dir='ltr'><strong>nium</strong></span> <span class='ocrx_word' id='word_1_87' title='bbox 221 1029 263 1098; x_wconf 80' lang='lat' dir='ltr'><strong>(ab</strong></span> <span class='ocrx_word' id='word_1_88' title='bbox 279 1041 323 1079; x_wconf 90' lang='lat' dir='ltr'><strong>an.</strong></span> <span class='ocrx_word' id='word_1_89' title='bbox 337 1024 399 1086; x_wconf 79' lang='lat'><strong>908,</strong></span> <span class='ocrx_word' id='word_1_90' title='bbox 415 1038 443 1076; x_wconf 89' lang='lat' dir='ltr'><strong>n.</strong></span> <span class='ocrx_word' id='word_1_91' title='bbox 462 1021 585 1092; x_wconf 74' lang='lat' dir='ltr'><strong>atquem</strong></span> <span class='ocrx_word' id='word_1_92' title='bbox 606 1023 661 1091; x_wconf 86' lang='lat' dir='ltr'><strong>ipse</strong></span> <span class='ocrx_word' id='word_1_93' title='bbox 685 1039 832 1092; x_wconf 79' lang='lat' dir='ltr'><strong>expernens,</strong></span> <span class='ocrx_word' id='word_1_94' title='bbox 850 1021 918 1076; x_wconf 90' lang='lat' dir='ltr'><strong>indi·</strong></span> 
     </span>
     <span class='ocr_line' id='line_1_12' title="bbox 143 1091 919 1169; baseline -0.009 -17"><span class='ocrx_word' id='word_1_95' title='bbox 143 1101 259 1169; x_wconf 82' lang='lat' dir='ltr'><strong>gnitatum</strong></span> <span class='ocrx_word' id='word_1_96' title='bbox 272 1094 344 1149; x_wconf 89' lang='lat' dir='ltr'><strong>illius</strong></span> <span class='ocrx_word' id='word_1_97' title='bbox 356 1093 406 1148; x_wconf 82' lang='lat' dir='ltr'><strong>:eri</strong></span> <span class='ocrx_word' id='word_1_98' title='bbox 427 1093 529 1148; x_wconf 76' lang='lat' dir='ltr'><strong>relator</strong></span> <span class='ocrx_word' id='word_1_99' title='bbox 544 1092 602 1147; x_wconf 79' lang='lat' dir='ltr'><strong>fleri</strong></span> <span class='ocrx_word' id='word_1_100' title='bbox 628 1103 657 1147; x_wconf 91' lang='lat' dir='ltr'><strong>ut</strong></span> <span class='ocrx_word' id='word_1_101' title='bbox 674 1093 802 1163; x_wconf 77' lang='lat' dir='ltr'><strong>patentia</strong></span> <span class='ocrx_word' id='word_1_102' title='bbox 818 1091 919 1147; x_wconf 75' lang='lat' dir='ltr'><strong>Ronla-</strong></span> 
     </span>
     <span class='ocr_line' id='line_1_13' title="bbox 143 1163 919 1223; baseline -0.009 0"><span class='ocrx_word' id='word_1_103' title='bbox 143 1183 226 1223; x_wconf 90' lang='lat' dir='ltr'><strong>oornrn</strong></span> <span class='ocrx_word' id='word_1_104' title='bbox 239 1164 390 1219; x_wconf 87' lang='lat' dir='ltr'><strong>testimonia</strong></span> <span class='ocrx_word' id='word_1_105' title='bbox 407 1164 434 1218; x_wconf 89' lang='lat' dir='ltr'><strong>iu</strong></span> <span class='ocrx_word' id='word_1_106' title='bbox 447 1163 564 1217; x_wconf 89' lang='lat' dir='ltr'><strong>medium</strong></span> <span class='ocrx_word' id='word_1_107' title='bbox 581 1178 596 1216; x_wconf 90' lang='lat' dir='ltr'><strong>a</strong></span> <span class='ocrx_word' id='word_1_108' title='bbox 618 1175 702 1218; x_wconf 87' lang='lat' dir='ltr'><strong>crarn.</strong></span> <span class='ocrx_word' id='word_1_109' title='bbox 726 1164 837 1218; x_wconf 85' lang='lat' dir='ltr'><strong>Summa</strong></span> <span class='ocrx_word' id='word_1_110' title='bbox 851 1164 919 1217; x_wconf 81' lang='lat' dir='ltr'><strong>drin-</strong></span> 
     </span>
     <span class='ocr_line' id='line_1_14' title="bbox 142 1231 919 1304; baseline -0.012 -9"><span class='ocrx_word' id='word_1_111' title='bbox 142 1245 207 1295; x_wconf 85' lang='lat' dir='ltr'><strong>tarat</strong></span> <span class='ocrx_word' id='word_1_112' title='bbox 219 1236 305 1304; x_wconf 89' lang='lat' dir='ltr'><strong>capita</strong></span> <span class='ocrx_word' id='word_1_113' title='bbox 317 1249 471 1297; x_wconf 84' lang='lat' dir='ltr'><strong>excnrmm,</strong></span> <span class='ocrx_word' id='word_1_114' title='bbox 483 1247 543 1302; x_wconf 68' lang='lat' dir='ltr'><strong>qnae</strong></span> <span class='ocrx_word' id='word_1_115' title='bbox 560 1231 594 1288; x_wconf 88' lang='lat' dir='ltr'><strong>ad</strong></span> <span class='ocrx_word' id='word_1_116' title='bbox 618 1249 715 1290; x_wconf 49' lang='lat' dir='ltr'><strong>notram</strong></span> <span class='ocrx_word' id='word_1_117' title='bbox 739 1234 774 1287; x_wconf 92' lang='lat' dir='ltr'><strong>im</strong></span> <span class='ocrx_word' id='word_1_118' title='bbox 812 1232 919 1287; x_wconf 76' lang='lat' dir='ltr'><strong>eserie</strong></span> 
     </span>
     <span class='ocr_line' id='line_1_15' title="bbox 142 1301 918 1374; baseline -0.009 -10"><span class='ocrx_word' id='word_1_119' title='bbox 142 1306 277 1374; x_wconf 85' lang='lat' dir='ltr'><strong>majestatis</strong></span> <span class='ocrx_word' id='word_1_120' title='bbox 291 1305 487 1360; x_wconf 80' lang='lat' dir='ltr'><strong>institutionem</strong></span> <span class='ocrx_word' id='word_1_121' title='bbox 502 1301 578 1370; x_wconf 79' lang='lat' dir='ltr'><strong>juxta</strong></span> <span class='ocrx_word' id='word_1_122' title='bbox 593 1303 748 1372; x_wconf 77' lang='lat' dir='ltr'><strong>primevam</strong></span> <span class='ocrx_word' id='word_1_123' title='bbox 793 1305 870 1358; x_wconf 88' lang='lat' dir='ltr'><strong>conis</strong></span> <span class='ocrx_word' id='word_1_124' title='bbox 885 1301 918 1357; x_wconf 92' lang='lat' dir='ltr'><strong>lli</strong></span> 
     </span>
     <span class='ocr_line' id='line_1_16' title="bbox 141 1371 919 1444; baseline -0.009 -11"><span class='ocrx_word' id='word_1_125' title='bbox 141 1377 328 1434; x_wconf 79' lang='lat' dir='ltr'><strong>reparationem</strong></span> <span class='ocrx_word' id='word_1_126' title='bbox 344 1376 492 1444; x_wconf 88' lang='lat' dir='ltr'><strong>perducant</strong></span> <span class='ocrx_word' id='word_1_127' title='bbox 506 1391 513 1427; x_wconf 91' lang='lat'><strong>:</strong></span> <span class='ocrx_word' id='word_1_128' title='bbox 526 1371 705 1442; x_wconf 80' lang='lat' dir='ltr'><strong>objiciendam</strong></span> <span class='ocrx_word' id='word_1_129' title='bbox 721 1373 824 1429; x_wconf 90' lang='lat' dir='ltr'><strong>scilicet</strong></span> <span class='ocrx_word' id='word_1_130' title='bbox 841 1371 919 1427; x_wconf 85' lang='lat' dir='ltr'><strong>Stra·</strong></span> 
     </span>
     <span class='ocr_line' id='line_1_17' title="bbox 139 1442 919 1516; baseline -0.008 -14"><span class='ocrx_word' id='word_1_131' title='bbox 139 1451 177 1503; x_wconf 89' lang='lat' dir='ltr'><strong>uio</strong></span> <span class='ocrx_word' id='word_1_132' title='bbox 188 1456 264 1515; x_wconf 88' lang='lat' dir='ltr'><strong>atque</strong></span> <span class='ocrx_word' id='word_1_133' title='bbox 283 1444 342 1512; x_wconf 83' lang='lat' dir='ltr'><strong>ejus</strong></span> <span class='ocrx_word' id='word_1_134' title='bbox 350 1442 485 1515; x_wconf 90' lang='lat' dir='ltr'><strong>opinionis</strong></span> <span class='ocrx_word' id='word_1_135' title='bbox 499 1444 688 1506; x_wconf 86' lang='lat' dir='ltr'><strong>assertoribus,</strong></span> <span class='ocrx_word' id='word_1_136' title='bbox 702 1444 746 1516; x_wconf 90' lang='lat' dir='ltr'><strong>qni</strong></span> <span class='ocrx_word' id='word_1_137' title='bbox 763 1443 830 1499; x_wconf 87' lang='lat' dir='ltr'><strong>tanti</strong></span> <span class='ocrx_word' id='word_1_138' title='bbox 844 1443 919 1513; x_wconf 87' lang='lat' dir='ltr'><strong>prin-</strong></span> 
     </span>
     <span class='ocr_line' id='line_1_18' title="bbox 140 1513 919 1589; baseline -0.009 -15"><span class='ocrx_word' id='word_1_139' title='bbox 140 1520 199 1589; x_wconf 81' lang='lat' dir='ltr'><strong>cipis</strong></span> <span class='ocrx_word' id='word_1_140' title='bbox 217 1516 315 1570; x_wconf 74' lang='lat' dir='ltr'><strong>tinette</strong></span> <span class='ocrx_word' id='word_1_141' title='bbox 333 1518 552 1577; x_wconf 70' lang='lat' dir='ltr'><strong>abeuntesque</strong></span> <span class='ocrx_word' id='word_1_142' title='bbox 573 1529 622 1583; x_wconf 92' lang='lat' dir='ltr'><strong>pro</strong></span> <span class='ocrx_word' id='word_1_143' title='bbox 641 1513 797 1569; x_wconf 75' lang='lat' dir='ltr'><strong>defensione</strong></span> <span class='ocrx_word' id='word_1_144' title='bbox 817 1523 919 1568; x_wconf 71' lang='lat' dir='ltr'><strong>sanetur</strong></span> 
     </span>
     <span class='ocr_line' id='line_1_19' title="bbox 140 1582 919 1653; baseline -0.009 -10"><span class='ocrx_word' id='word_1_145' title='bbox 140 1589 255 1643; x_wconf 79' lang='lat' dir='ltr'><strong>Romana</strong></span> <span class='ocrx_word' id='word_1_146' title='bbox 266 1584 438 1640; x_wconf 66' lang='lat' dir='ltr'><strong>Ecclesiaste</strong></span> <span class='ocrx_word' id='word_1_147' title='bbox 449 1584 630 1638; x_wconf 80' lang='lat' dir='ltr'><strong>Romanorum</strong></span> <span class='ocrx_word' id='word_1_148' title='bbox 643 1600 657 1638; x_wconf 89' lang='lat' dir='ltr'><strong>a</strong></span> <span class='ocrx_word' id='word_1_149' title='bbox 671 1599 777 1639; x_wconf 91' lang='lat' dir='ltr'><strong>summo</strong></span> <span class='ocrx_word' id='word_1_150' title='bbox 791 1582 919 1653; x_wconf 74' lang='lat' dir='ltr'><strong>prrrrtitiee</strong></span> 
     </span>
     <span class='ocr_line' id='line_1_20' title="bbox 138 1652 918 1725; baseline -0.009 -12"><span class='ocrx_word' id='word_1_151' title='bbox 138 1667 246 1714; x_wconf 80' lang='lat' dir='ltr'><strong>creatum</strong></span> <span class='ocrx_word' id='word_1_152' title='bbox 256 1657 449 1725; x_wconf 88' lang='lat' dir='ltr'><strong>imperatorem</strong></span> <span class='ocrx_word' id='word_1_153' title='bbox 463 1652 590 1717; x_wconf 85' lang='lat' dir='ltr'><strong>fatentur,</strong></span> <span class='ocrx_word' id='word_1_154' title='bbox 609 1664 638 1709; x_wconf 85' lang='lat' dir='ltr'><strong>ut</strong></span> <span class='ocrx_word' id='word_1_155' title='bbox 650 1655 757 1716; x_wconf 77' lang='lat' dir='ltr'><strong>delient,</strong></span> <span class='ocrx_word' id='word_1_156' title='bbox 772 1654 819 1708; x_wconf 87' lang='lat' dir='ltr'><strong>scd</strong></span> <span class='ocrx_word' id='word_1_157' title='bbox 831 1655 918 1722; x_wconf 90' lang='lat' dir='ltr'><strong>ipsum</strong></span> 
     </span>
    </p>
   </div>
   <div class='ocr_carea' id='block_1_3' title="bbox 968 461 1764 884">
    <p class='ocr_par' dir='ltr' id='par_1_4' title="bbox 968 461 1764 884">
     <span class='ocr_line' id='line_1_21' title="bbox 969 461 1763 541; baseline 0.014 -27"><span class='ocrx_word' id='word_1_158' title='bbox 969 461 1112 541; x_wconf 57' lang='lat' dir='ltr'><strong>luceolis.)</strong></span> <span class='ocrx_word' id='word_1_159' title='bbox 1128 461 1220 532; x_wconf 85' lang='lat' dir='ltr'><strong>ltaque</strong></span> <span class='ocrx_word' id='word_1_160' title='bbox 1232 463 1352 520; x_wconf 83' lang='lat' dir='ltr'><strong>loarrnes</strong></span> <span class='ocrx_word' id='word_1_161' title='bbox 1365 466 1398 519; x_wconf 91' lang='lat' dir='ltr'><strong>ad</strong></span> <span class='ocrx_word' id='word_1_162' title='bbox 1417 464 1488 522; x_wconf 83' lang='lat' dir='ltr'><strong>Petri</strong></span> <span class='ocrx_word' id='word_1_163' title='bbox 1499 467 1655 521; x_wconf 74' lang='lat' dir='ltr'><strong>cathedram</strong></span> <span class='ocrx_word' id='word_1_164' title='bbox 1667 484 1763 525; x_wconf 82' lang='lat' dir='ltr'><strong>aseen-</strong></span> 
     </span>
     <span class='ocr_line' id='line_1_22' title="bbox 968 530 1762 599; baseline 0.011 -14"><span class='ocrx_word' id='word_1_165' title='bbox 968 530 1036 586; x_wconf 63' lang='lat' dir='ltr'><strong>drerrs</strong></span> <span class='ocrx_word' id='word_1_166' title='bbox 1051 531 1203 599; x_wconf 82' lang='lat' dir='ltr'><strong>htqusmodi</strong></span> <span class='ocrx_word' id='word_1_167' title='bbox 1222 534 1482 590; x_wconf 79' lang='lat' dir='ltr'><strong>administrationem</strong></span> <span class='ocrx_word' id='word_1_168' title='bbox 1505 535 1607 591; x_wconf 84' lang='lat' dir='ltr'><strong>inuenit</strong></span> <span class='ocrx_word' id='word_1_169' title='bbox 1629 535 1722 596; x_wconf 73' lang='lat' dir='ltr'><strong>Remu</strong></span> <span class='ocrx_word' id='word_1_170' title='bbox 1745 558 1762 594; x_wconf 84' lang='lat' dir='ltr'><strong>a</strong></span> 
     </span>
     <span class='ocr_line' id='line_1_23' title="bbox 968 601 1760 675; baseline 0.011 -22"><span class='ocrx_word' id='word_1_171' title='bbox 968 615 1019 655; x_wconf 88' lang='lat' dir='ltr'><strong>suu</strong></span> <span class='ocrx_word' id='word_1_172' title='bbox 1039 601 1176 672; x_wconf 72' lang='lat' dir='ltr'><strong>peritiore,</strong></span> <span class='ocrx_word' id='word_1_173' title='bbox 1199 602 1381 673; x_wconf 75' lang='lat' dir='ltr'><strong>Romanisque</strong></span> <span class='ocrx_word' id='word_1_174' title='bbox 1407 605 1568 675; x_wconf 86' lang='lat' dir='ltr'><strong>primatibus</strong></span> <span class='ocrx_word' id='word_1_175' title='bbox 1592 606 1760 675; x_wconf 63' lang='lat' dir='ltr'><strong>institutam</strong></span> 
     </span>
     <span class='ocr_line' id='line_1_24' title="bbox 968 671 1763 750; baseline 0.013 -26"><span class='ocrx_word' id='word_1_176' title='bbox 968 685 1085 750; x_wconf 76' lang='lat' dir='ltr'><strong>enruqno</strong></span> <span class='ocrx_word' id='word_1_177' title='bbox 1104 671 1131 726; x_wconf 91' lang='lat' dir='ltr'><strong>in</strong></span> <span class='ocrx_word' id='word_1_178' title='bbox 1152 688 1205 726; x_wconf 91' lang='lat' dir='ltr'><strong>uno</strong></span> <span class='ocrx_word' id='word_1_179' title='bbox 1226 675 1375 745; x_wconf 85' lang='lat' dir='ltr'><strong>eodemque</strong></span> <span class='ocrx_word' id='word_1_180' title='bbox 1397 675 1516 740; x_wconf 86' lang='lat' dir='ltr'><strong>tremine,</strong></span> <span class='ocrx_word' id='word_1_181' title='bbox 1539 675 1631 731; x_wconf 81' lang='lat' dir='ltr'><strong>cirine</strong></span> <span class='ocrx_word' id='word_1_182' title='bbox 1647 678 1763 734; x_wconf 81' lang='lat' dir='ltr'><strong>mirsilio</strong></span> 
     </span>
     <span class='ocr_line' id='line_1_25' title="bbox 968 743 1764 818; baseline 0.01 -24"><span class='ocrx_word' id='word_1_183' title='bbox 968 746 1198 811; x_wconf 65' lang='lat' dir='ltr'><strong>conjungerentur</strong></span> <span class='ocrx_word' id='word_1_184' title='bbox 1210 743 1313 799; x_wconf 78' lang='lat' dir='ltr'><strong>invasio</strong></span> <span class='ocrx_word' id='word_1_185' title='bbox 1327 745 1494 815; x_wconf 81' lang='lat' dir='ltr'><strong>principatus</strong></span> <span class='ocrx_word' id='word_1_186' title='bbox 1510 753 1538 800; x_wconf 89' lang='lat' dir='ltr'><strong>et</strong></span> <span class='ocrx_word' id='word_1_187' title='bbox 1550 746 1679 816; x_wconf 86' lang='lat' dir='ltr'><strong>principis</strong></span> <span class='ocrx_word' id='word_1_188' title='bbox 1697 747 1764 818; x_wconf 74' lang='lat' dir='ltr'><strong>legi·</strong></span> 
     </span>
     <span class='ocr_line' id='line_1_26' title="bbox 969 810 1761 884; baseline 0.011 -22"><span class='ocrx_word' id='word_1_189' title='bbox 969 810 1028 863; x_wconf 71' lang='lat' dir='ltr'><strong>tirni</strong></span> <span class='ocrx_word' id='word_1_190' title='bbox 1051 814 1269 881; x_wconf 62' lang='lat' dir='ltr'><strong>praeesumeret</strong></span> <span class='ocrx_word' id='word_1_191' title='bbox 1287 813 1417 884; x_wconf 69' lang='lat' dir='ltr'><strong>agapitus</strong></span> <span class='ocrx_word' id='word_1_192' title='bbox 1437 816 1457 870; x_wconf 92' lang='lat' dir='ltr'><strong>ll</strong></span> <span class='ocrx_word' id='word_1_193' title='bbox 1477 826 1540 871; x_wconf 88' lang='lat' dir='ltr'><strong>aute</strong></span> <span class='ocrx_word' id='word_1_194' title='bbox 1560 831 1647 870; x_wconf 86' lang='lat' dir='ltr'><strong>annos</strong></span> <span class='ocrx_word' id='word_1_195' title='bbox 1667 819 1761 871; x_wconf 80' lang='lat' dir='ltr'><strong>elecem</strong></span> 
     </span>
    </p>
   </div>
   <div class='ocr_carea' id='block_1_4' title="bbox 950 880 1763 955">
    <p class='ocr_par' dir='ltr' id='par_1_5' title="bbox 950 880 1763 955">
     <span class='ocr_line' id='line_1_27' title="bbox 950 880 1763 955; baseline 0.014 -23"><span class='ocrx_word' id='word_1_196' title='bbox 950 891 1022 933; x_wconf 72' lang='lat' dir='ltr'><strong>‘raon</strong></span> <span class='ocrx_word' id='word_1_197' title='bbox 1044 882 1146 949; x_wconf 81' lang='lat' dir='ltr'><strong>potnit,</strong></span> <span class='ocrx_word' id='word_1_198' title='bbox 1170 880 1245 939; x_wconf 86' lang='lat' dir='ltr'><strong>facili</strong></span> <span class='ocrx_word' id='word_1_199' title='bbox 1271 887 1378 955; x_wconf 64' lang='lat' dir='ltr'><strong>nequitie</strong></span> <span class='ocrx_word' id='word_1_200' title='bbox 1400 885 1459 954; x_wconf 82' lang='lat' dir='ltr'><strong>ejus</strong></span> <span class='ocrx_word' id='word_1_201' title='bbox 1481 901 1623 944; x_wconf 73' lang='lat' dir='ltr'><strong>successor</strong></span> <span class='ocrx_word' id='word_1_202' title='bbox 1644 884 1763 943; x_wconf 78' lang='lat' dir='ltr'><strong>ltnrrues</strong></span> 
     </span>
    </p>
   </div>
   <div class='ocr_carea' id='block_1_5' title="bbox 968 948 1766 1725">
    <p class='ocr_par' dir='ltr' id='par_1_6' title="bbox 968 948 1766 1725">
     <span class='ocr_line' id='line_1_28' title="bbox 968 948 1761 1025; baseline 0.01 -22"><span class='ocrx_word' id='word_1_203' title='bbox 968 948 1091 1017; x_wconf 73' lang='lat' dir='ltr'><strong>putee.</strong></span> <span class='ocrx_word' id='word_1_204' title='bbox 1122 951 1186 1006; x_wconf 90' lang='lat' dir='ltr'><strong>Otto</strong></span> <span class='ocrx_word' id='word_1_205' title='bbox 1209 953 1342 1022; x_wconf 86' lang='lat' dir='ltr'><strong>siquidem</strong></span> <span class='ocrx_word' id='word_1_206' title='bbox 1368 956 1572 1025; x_wconf 80' lang='lat' dir='ltr'><strong>poteritissimos</strong></span> <span class='ocrx_word' id='word_1_207' title='bbox 1608 955 1761 1011; x_wconf 81' lang='lat' dir='ltr'><strong>Gerrnaniac</strong></span> 
     </span>
     <span class='ocr_line' id='line_1_29' title="bbox 969 1021 1761 1148; baseline 0.01 -76"><span class='ocrx_word' id='word_1_208' title='bbox 969 1036 1015 1074; x_wconf 77' lang='lat' dir='ltr'><strong>rea</strong></span> <span class='ocrx_word' id='word_1_209' title='bbox 1031 1021 1122 1075; x_wconf 88' lang='lat' dir='ltr'><strong>abillo</strong></span> <span class='ocrx_word' id='word_1_210' title='bbox 1136 1023 1217 1080; x_wconf 88' lang='lat' dir='ltr'><strong>ctiam</strong></span> <span class='ocrx_word' id='word_1_211' title='bbox 1226 1025 1354 1148; x_wconf 73' lang='lat' dir='ltr'><strong>pontifice</strong></span> <span class='ocrx_word' id='word_1_212' title='bbox 1368 1027 1495 1080; x_wconf 67' lang='lat' dir='ltr'><strong>irrrifatus</strong></span> <span class='ocrx_word' id='word_1_213' title='bbox 1509 1026 1665 1088; x_wconf 81' lang='lat' dir='ltr'><strong>aduenerat,</strong></span> <span class='ocrx_word' id='word_1_214' title='bbox 1681 1027 1761 1080; x_wconf 86' lang='lat' dir='ltr'><strong>itera-</strong></span> 
     </span>
     <span class='ocr_line' id='line_1_30' title="bbox 969 1091 1761 1165; baseline 0.011 -23"><span class='ocrx_word' id='word_1_215' title='bbox 969 1091 1057 1160; x_wconf 84' lang='lat' dir='ltr'><strong>tisque</strong></span> <span class='ocrx_word' id='word_1_216' title='bbox 1082 1092 1203 1148; x_wconf 80' lang='lat' dir='ltr'><strong>uictoriis</strong></span> <span class='ocrx_word' id='word_1_217' title='bbox 1239 1095 1329 1149; x_wconf 90' lang='lat' dir='ltr'><strong>taliam</strong></span> <span class='ocrx_word' id='word_1_218' title='bbox 1356 1113 1371 1150; x_wconf 88' lang='lat' dir='ltr'><strong>a</strong></span> <span class='ocrx_word' id='word_1_219' title='bbox 1396 1096 1550 1165; x_wconf 76' lang='lat' dir='ltr'><strong>berengarii</strong></span> <span class='ocrx_word' id='word_1_220' title='bbox 1579 1094 1690 1165; x_wconf 72' lang='lat' dir='ltr'><strong>eiusque</strong></span> <span class='ocrx_word' id='word_1_221' title='bbox 1715 1098 1761 1151; x_wconf 90' lang='lat' dir='ltr'><strong>frlii</strong></span> 
     </span>
     <span class='ocr_line' id='line_1_31' title="bbox 969 1160 1764 1235; baseline 0.013 -21"><span class='ocrx_word' id='word_1_222' title='bbox 969 1160 1112 1228; x_wconf 63' lang='lat' dir='ltr'><strong>tirannide</strong></span> <span class='ocrx_word' id='word_1_223' title='bbox 1135 1162 1308 1219; x_wconf 81' lang='lat' dir='ltr'><strong>liberauerat.</strong></span> <span class='ocrx_word' id='word_1_224' title='bbox 1339 1165 1406 1220; x_wconf 87' lang='lat' dir='ltr'><strong>Cum</strong></span> <span class='ocrx_word' id='word_1_225' title='bbox 1430 1183 1506 1229; x_wconf 84' lang='lat' dir='ltr'><strong>uero,</strong></span> <span class='ocrx_word' id='word_1_226' title='bbox 1525 1164 1614 1234; x_wconf 61' lang='lat' dir='ltr'><strong>juxte,</strong></span> <span class='ocrx_word' id='word_1_227' title='bbox 1628 1168 1764 1235; x_wconf 81' lang='lat' dir='ltr'><strong>pontificis</strong></span> 
     </span>
     <span class='ocr_line' id='line_1_32' title="bbox 969 1230 1763 1307; baseline 0.006 -22"><span class='ocrx_word' id='word_1_228' title='bbox 969 1230 1091 1302; x_wconf 76' lang='lat' dir='ltr'><strong>ejusdem</strong></span> <span class='ocrx_word' id='word_1_229' title='bbox 1107 1242 1179 1294; x_wconf 88' lang='lat' dir='ltr'><strong>rota,</strong></span> <span class='ocrx_word' id='word_1_230' title='bbox 1193 1234 1220 1287; x_wconf 92' lang='lat' dir='ltr'><strong>in</strong></span> <span class='ocrx_word' id='word_1_231' title='bbox 1238 1233 1337 1290; x_wconf 80' lang='lat' dir='ltr'><strong>Urbem</strong></span> <span class='ocrx_word' id='word_1_232' title='bbox 1351 1250 1543 1307; x_wconf 81' lang='lat' dir='ltr'><strong>progressums</strong></span> <span class='ocrx_word' id='word_1_233' title='bbox 1556 1244 1637 1298; x_wconf 85' lang='lat' dir='ltr'><strong>esset,</strong></span> <span class='ocrx_word' id='word_1_234' title='bbox 1653 1252 1702 1306; x_wconf 90' lang='lat' dir='ltr'><strong>per</strong></span> <span class='ocrx_word' id='word_1_235' title='bbox 1715 1237 1763 1290; x_wconf 78' lang='lat' dir='ltr'><strong>dl·</strong></span> 
     </span>
     <span class='ocr_line' id='line_1_33' title="bbox 969 1301 1765 1374; baseline 0.008 -18"><span class='ocrx_word' id='word_1_236' title='bbox 969 1301 1101 1368; x_wconf 89' lang='lat' dir='ltr'><strong>bericum,</strong></span> <span class='ocrx_word' id='word_1_237' title='bbox 1122 1301 1175 1372; x_wconf 78' lang='grc'><strong>35</strong></span> <span class='ocrx_word' id='word_1_238' title='bbox 1201 1301 1390 1374; x_wconf 84' lang='lat' dir='ltr'><strong>Runranosquc</strong></span> <span class='ocrx_word' id='word_1_239' title='bbox 1412 1321 1464 1360; x_wconf 87' lang='lat' dir='ltr'><strong>tren</strong></span> <span class='ocrx_word' id='word_1_240' title='bbox 1492 1306 1577 1371; x_wconf 91' lang='lat' dir='ltr'><strong>licuit,</strong></span> <span class='ocrx_word' id='word_1_241' title='bbox 1600 1314 1631 1361; x_wconf 90' lang='lat' dir='ltr'><strong>ut</strong></span> <span class='ocrx_word' id='word_1_242' title='bbox 1650 1314 1765 1362; x_wconf 84' lang='lat' dir='ltr'><strong>testomr</strong></span> 
     </span>
     <span class='ocr_line' id='line_1_34' title="bbox 970 1370 1766 1447; baseline 0.009 -22"><span class='ocrx_word' id='word_1_243' title='bbox 970 1370 1136 1426; x_wconf 81' lang='lat' dir='ltr'><strong>Fiodtmrdus</strong></span> <span class='ocrx_word' id='word_1_244' title='bbox 1152 1375 1223 1443; x_wconf 89' lang='lat' dir='ltr'><strong>apud</strong></span> <span class='ocrx_word' id='word_1_245' title='bbox 1249 1374 1358 1446; x_wconf 78' lang='lat' dir='ltr'><strong>Pagium</strong></span> <span class='ocrx_word' id='word_1_246' title='bbox 1380 1375 1459 1447; x_wconf 74' lang='lat'><strong>(952,</strong></span> <span class='ocrx_word' id='word_1_247' title='bbox 1482 1391 1511 1430; x_wconf 88' lang='lat' dir='ltr'><strong>n.</strong></span> <span class='ocrx_word' id='word_1_248' title='bbox 1530 1376 1607 1447; x_wconf 73' lang='lat' dir='ltr'><strong>litt</strong></span> <span class='ocrx_word' id='word_1_249' title='bbox 1630 1375 1694 1431; x_wconf 85' lang='lat' dir='ltr'><strong>Otto</strong></span> <span class='ocrx_word' id='word_1_250' title='bbox 1715 1393 1766 1432; x_wconf 75' lang='lat' dir='ltr'><strong>rex</strong></span> 
     </span>
     <span class='ocr_line' id='line_1_35' title="bbox 969 1439 1764 1517; baseline 0.01 -23"><span class='ocrx_word' id='word_1_251' title='bbox 969 1439 1130 1512; x_wconf 79' lang='lat' dir='ltr'><strong>legationem</strong></span> <span class='ocrx_word' id='word_1_252' title='bbox 1142 1455 1192 1511; x_wconf 91' lang='lat' dir='ltr'><strong>pro</strong></span> <span class='ocrx_word' id='word_1_253' title='bbox 1209 1446 1379 1514; x_wconf 81' lang='lat' dir='ltr'><strong>susceptione</strong></span> <span class='ocrx_word' id='word_1_254' title='bbox 1395 1445 1436 1500; x_wconf 90' lang='lat' dir='ltr'><strong>sui</strong></span> <span class='ocrx_word' id='word_1_255' title='bbox 1458 1444 1571 1500; x_wconf 79' lang='lat' dir='ltr'><strong>Rotnani</strong></span> <span class='ocrx_word' id='word_1_256' title='bbox 1589 1446 1692 1516; x_wconf 80' lang='lat' dir='ltr'><strong>dirigit,</strong></span> <span class='ocrx_word' id='word_1_257' title='bbox 1709 1463 1764 1517; x_wconf 85' lang='lat' dir='ltr'><strong>qua</strong></span> 
     </span>
     <span class='ocr_line' id='line_1_36' title="bbox 970 1513 1652 1585; baseline 0.006 -21"><span class='ocrx_word' id='word_1_258' title='bbox 970 1527 1023 1565; x_wconf 92' lang='lat' dir='ltr'><strong>non</strong></span> <span class='ocrx_word' id='word_1_259' title='bbox 1039 1513 1161 1575; x_wconf 88' lang='lat' dir='ltr'><strong>obtenta,</strong></span> <span class='ocrx_word' id='word_1_260' title='bbox 1172 1530 1232 1566; x_wconf 82' lang='lat' dir='ltr'><strong>curn</strong></span> <span class='ocrx_word' id='word_1_261' title='bbox 1248 1530 1332 1568; x_wconf 85' lang='lat' dir='ltr'><strong>uxore</strong></span> <span class='ocrx_word' id='word_1_262' title='bbox 1347 1514 1374 1570; x_wconf 91' lang='lat' dir='ltr'><strong>in</strong></span> <span class='ocrx_word' id='word_1_263' title='bbox 1392 1532 1440 1570; x_wconf 88' lang='lat' dir='ltr'><strong>sua</strong></span> <span class='ocrx_word' id='word_1_264' title='bbox 1461 1516 1623 1585; x_wconf 79' lang='lat' dir='ltr'><strong>regreditur.</strong></span> <span class='ocrx_word' id='word_1_265' title='bbox 1643 1535 1652 1568; x_wconf 84' lang='grc' dir='ltr'><strong>ι</strong></span> 
     </span>
     <span class='ocr_line' id='line_1_37' title="bbox 1007 1579 1766 1655; baseline 0.007 -20"><span class='ocrx_word' id='word_1_266' title='bbox 1007 1579 1766 1655; x_wconf 72' lang='lat' dir='ltr'><strong>xxxix,serus-aeciuetuamepurrrttcemtbuitprau-</strong></span> 
     </span>
     <span class='ocr_line' id='line_1_38' title="bbox 970 1650 1766 1725; baseline 0.008 -19"><span class='ocrx_word' id='word_1_267' title='bbox 970 1650 1021 1706; x_wconf 88' lang='lat' dir='ltr'><strong>dns</strong></span> <span class='ocrx_word' id='word_1_268' title='bbox 1033 1651 1138 1718; x_wconf 77' lang='lat' dir='ltr'><strong>integer</strong></span> <span class='ocrx_word' id='word_1_269' title='bbox 1148 1661 1230 1722; x_wconf 88' lang='lat' dir='ltr'><strong>atque</strong></span> <span class='ocrx_word' id='word_1_270' title='bbox 1248 1654 1370 1710; x_wconf 73' lang='lat' dir='ltr'><strong>oculatus</strong></span> <span class='ocrx_word' id='word_1_271' title='bbox 1383 1656 1460 1712; x_wconf 84' lang='lat' dir='ltr'><strong>testis</strong></span> <span class='ocrx_word' id='word_1_272' title='bbox 1471 1653 1598 1720; x_wconf 84' lang='lat' dir='ltr'><strong>affirmat,</strong></span> <span class='ocrx_word' id='word_1_273' title='bbox 1614 1658 1691 1725; x_wconf 73' lang='lat' dir='ltr'><strong>cerpus</strong></span> <span class='ocrx_word' id='word_1_274' title='bbox 1705 1671 1766 1712; x_wconf 84' lang='lat' dir='ltr'><strong>rer·</strong></span> 
     </span>
    </p>
   </div>
   <div class='ocr_carea' id='block_1_6' title="bbox 136 1721 1768 1867">
    <p class='ocr_par' dir='ltr' id='par_1_7' title="bbox 136 1721 1768 1867">
     <span class='ocr_line' id='line_1_39' title="bbox 137 1721 1766 1802; baseline -0.001 -22"><span class='ocrx_word' id='word_1_275' title='bbox 137 1742 220 1798; x_wconf 77' lang='lat' dir='ltr'><strong>perse</strong></span> <span class='ocrx_word' id='word_1_276' title='bbox 234 1726 369 1795; x_wconf 88' lang='lat' dir='ltr'><strong>acquisito</strong></span> <span class='ocrx_word' id='word_1_277' title='bbox 382 1725 466 1779; x_wconf 87' lang='lat' dir='ltr'><strong>armis</strong></span> <span class='ocrx_word' id='word_1_278' title='bbox 485 1723 599 1794; x_wconf 86' lang='lat' dir='ltr'><strong>irnperio</strong></span> <span class='ocrx_word' id='word_1_279' title='bbox 620 1725 734 1794; x_wconf 88' lang='lat' dir='ltr'><strong>potitum</strong></span> <span class='ocrx_word' id='word_1_280' title='bbox 758 1740 817 1780; x_wconf 78' lang='lat' dir='ltr'><strong>esse</strong></span> <span class='ocrx_word' id='word_1_281' title='bbox 841 1723 920 1777; x_wconf 87' lang='lat' dir='ltr'><strong>dicti-</strong></span> <span class='ocrx_word' id='word_1_282' title='bbox 935 1742 958 1802; x_wconf 68' lang='lat' dir='ltr'>B</span> <span class='ocrx_word' id='word_1_283' title='bbox 972 1722 1013 1777; x_wconf 91' lang='lat' dir='ltr'><strong>bis</strong></span> <span class='ocrx_word' id='word_1_284' title='bbox 1027 1721 1085 1792; x_wconf 80' lang='lat' dir='ltr'><strong>(lib.</strong></span> <span class='ocrx_word' id='word_1_285' title='bbox 1100 1739 1136 1787; x_wconf 84' lang='lat' dir='ltr'><strong>rr,</strong></span> <span class='ocrx_word' id='word_1_286' title='bbox 1155 1739 1214 1792; x_wconf 87' lang='lat' dir='ltr'><strong>cap.</strong></span> <span class='ocrx_word' id='word_1_287' title='bbox 1228 1723 1254 1796; x_wconf 84' lang='grc'><strong>6)</strong></span> <span class='ocrx_word' id='word_1_288' title='bbox 1271 1724 1343 1780; x_wconf 87' lang='lat' dir='ltr'><strong>lubet</strong></span> <span class='ocrx_word' id='word_1_289' title='bbox 1356 1741 1412 1780; x_wconf 87' lang='lat' dir='ltr'><strong>rem</strong></span> <span class='ocrx_word' id='word_1_290' title='bbox 1426 1736 1519 1790; x_wconf 87' lang='lat' dir='ltr'><strong>toturn,</strong></span> <span class='ocrx_word' id='word_1_291' title='bbox 1540 1726 1766 1795; x_wconf 86' lang='lat' dir='ltr'><strong>quemadmodum</strong></span> 
     </span>
     <span class='ocr_line' id='line_1_40' title="bbox 136 1791 1768 1867; baseline -0.001 -15"><span class='ocrx_word' id='word_1_292' title='bbox 136 1807 197 1852; x_wconf 86' lang='lat' dir='ltr'><strong>tant.</strong></span> <span class='ocrx_word' id='word_1_293' title='bbox 218 1795 364 1852; x_wconf 80' lang='lat' dir='ltr'><strong>Tusculani</strong></span> <span class='ocrx_word' id='word_1_294' title='bbox 384 1796 467 1866; x_wconf 81' lang='lat' dir='ltr'><strong>igitur</strong></span> <span class='ocrx_word' id='word_1_295' title='bbox 481 1795 603 1856; x_wconf 82' lang='lat' dir='ltr'><strong>comites,</strong></span> <span class='ocrx_word' id='word_1_296' title='bbox 625 1806 753 1865; x_wconf 87' lang='lat' dir='ltr'><strong>usurpata</strong></span> <span class='ocrx_word' id='word_1_297' title='bbox 768 1791 919 1866; x_wconf 77' lang='lat' dir='ltr'><strong>tyrannide,</strong></span> <span class='ocrx_word' id='word_1_298' title='bbox 972 1809 1000 1846; x_wconf 87' lang='lat' dir='ltr'><strong>se</strong></span> <span class='ocrx_word' id='word_1_299' title='bbox 1012 1792 1113 1858; x_wconf 86' lang='lat' dir='ltr'><strong>lrabnit,</strong></span> <span class='ocrx_word' id='word_1_300' title='bbox 1127 1809 1274 1848; x_wconf 83' lang='lat' dir='ltr'><strong>ertartare:</strong></span> <span class='ocrx_word' id='word_1_301' title='bbox 1292 1814 1301 1844; x_wconf 84' lang='grc' dir='ltr'><strong>ι</strong></span> <span class='ocrx_word' id='word_1_302' title='bbox 1315 1796 1509 1867; x_wconf 82' lang='lat' dir='ltr'><strong>flegrrarrtibns,</strong></span> <span class='ocrx_word' id='word_1_303' title='bbox 1525 1796 1579 1850; x_wconf 90' lang='lat' dir='ltr'><strong>imo</strong></span> <span class='ocrx_word' id='word_1_304' title='bbox 1593 1796 1768 1852; x_wconf 81' lang='lat' dir='ltr'><strong>sarientibus</strong></span> 
     </span>
    </p>
   </div>
   <div class='ocr_carea' id='block_1_7' title="bbox 135 1865 925 3058">
    <p class='ocr_par' dir='ltr' id='par_1_8' title="bbox 135 1865 925 3058">
     <span class='ocr_line' id='line_1_41' title="bbox 138 1865 920 1935; baseline -0.008 -12"><span class='ocrx_word' id='word_1_305' title='bbox 138 1872 167 1923; x_wconf 82' lang='lat' dir='ltr'><strong>ari</strong></span> <span class='ocrx_word' id='word_1_306' title='bbox 177 1867 357 1922; x_wconf 83' lang='lat' dir='ltr'><strong>sanctuarium</strong></span> <span class='ocrx_word' id='word_1_307' title='bbox 370 1879 476 1935; x_wconf 83' lang='lat' dir='ltr'><strong>quoqne</strong></span> <span class='ocrx_word' id='word_1_308' title='bbox 490 1879 559 1920; x_wconf 87' lang='lat' dir='ltr'><strong>mam</strong></span> <span class='ocrx_word' id='word_1_309' title='bbox 573 1881 586 1920; x_wconf 93' lang='lat' dir='ltr'><strong>s</strong></span> <span class='ocrx_word' id='word_1_310' title='bbox 601 1865 697 1932; x_wconf 87' lang='lat' dir='ltr'><strong>impias</strong></span> <span class='ocrx_word' id='word_1_311' title='bbox 708 1866 853 1918; x_wconf 75' lang='lat' dir='ltr'><strong>‹uterrdere</strong></span> <span class='ocrx_word' id='word_1_312' title='bbox 867 1879 920 1918; x_wconf 90' lang='lat' dir='ltr'><strong>nou</strong></span> 
     </span>
     <span class='ocr_line' id='line_1_42' title="bbox 138 1935 923 2006; baseline -0.008 -12"><span class='ocrx_word' id='word_1_313' title='bbox 138 1940 294 1994; x_wconf 79' lang='lat' dir='ltr'><strong>dubitarunt.</strong></span> <span class='ocrx_word' id='word_1_314' title='bbox 316 1937 337 1991; x_wconf 82' lang='grc' dir='ltr'>Ε</span> <span class='ocrx_word' id='word_1_315' title='bbox 356 1952 405 1990; x_wconf 90' lang='lat' dir='ltr'><strong>sua</strong></span> <span class='ocrx_word' id='word_1_316' title='bbox 428 1936 500 1991; x_wconf 89' lang='lat' dir='ltr'><strong>enim</strong></span> <span class='ocrx_word' id='word_1_317' title='bbox 526 1937 611 2006; x_wconf 86' lang='lat' dir='ltr'><strong>stirpe</strong></span> <span class='ocrx_word' id='word_1_318' title='bbox 636 1936 740 2004; x_wconf 84' lang='lat' dir='ltr'><strong>ineptos</strong></span> <span class='ocrx_word' id='word_1_319' title='bbox 781 1935 923 2003; x_wconf 87' lang='lat' dir='ltr'><strong>ferumque</strong></span> 
     </span>
     <span class='ocr_line' id='line_1_43' title="bbox 137 2004 924 2076; baseline -0.004 -13"><span class='ocrx_word' id='word_1_320' title='bbox 137 2008 255 2069; x_wconf 74' lang='lat' dir='ltr'><strong>metues</strong></span> <span class='ocrx_word' id='word_1_321' title='bbox 267 2014 309 2070; x_wconf 89' lang='lat' dir='ltr'><strong>et,</strong></span> <span class='ocrx_word' id='word_1_322' title='bbox 325 2006 347 2061; x_wconf 86' lang='lat' dir='ltr'><strong>si</strong></span> <span class='ocrx_word' id='word_1_323' title='bbox 359 2005 525 2076; x_wconf 73' lang='lat' dir='ltr'><strong>luitprando</strong></span> <span class='ocrx_word' id='word_1_324' title='bbox 540 2007 617 2071; x_wconf 85' lang='lat' dir='ltr'><strong>tides,</strong></span> <span class='ocrx_word' id='word_1_325' title='bbox 630 2006 694 2062; x_wconf 88' lang='lat' dir='ltr'><strong>ririo</strong></span> <span class='ocrx_word' id='word_1_326' title='bbox 726 2015 824 2069; x_wconf 84' lang='lat' dir='ltr'><strong>cottus,</strong></span> <span class='ocrx_word' id='word_1_327' title='bbox 838 2004 884 2059; x_wconf 85' lang='lat' dir='ltr'><strong>riti</strong></span> <span class='ocrx_word' id='word_1_328' title='bbox 897 2021 924 2060; x_wconf 84' lang='lat' dir='ltr'><strong>s·</strong></span> 
     </span>
     <span class='ocr_line' id='line_1_44' title="bbox 136 2019 922 2150; baseline -0.004 -17"><span class='ocrx_word' id='word_1_329' title='bbox 136 2094 182 2147; x_wconf 83' lang='lat' dir='ltr'><strong>qne</strong></span> <span class='ocrx_word' id='word_1_330' title='bbox 210 2077 381 2146; x_wconf 85' lang='lat' dir='ltr'><strong>mancipatos</strong></span> <span class='ocrx_word' id='word_1_331' title='bbox 408 2078 442 2131; x_wconf 89' lang='lat' dir='ltr'><strong>ad</strong></span> <span class='ocrx_word' id='word_1_332' title='bbox 462 2077 591 2147; x_wconf 83' lang='lat' dir='ltr'><strong>principis</strong></span> <span class='ocrx_word' id='word_1_333' title='bbox 620 2019 802 2150; x_wconf 63' lang='lat' dir='ltr'><strong>apostolurum</strong></span> <span class='ocrx_word' id='word_1_334' title='bbox 831 2076 922 2130; x_wconf 81' lang='lat' dir='ltr'><strong>sedem</strong></span> 
     </span>
     <span class='ocr_line' id='line_1_45' title="bbox 135 2146 924 2218; baseline -0.004 -16"><span class='ocrx_word' id='word_1_335' title='bbox 135 2150 241 2204; x_wconf 70' lang='lat' dir='ltr'><strong>crebere</strong></span> <span class='ocrx_word' id='word_1_336' title='bbox 255 2163 311 2202; x_wconf 88' lang='lat' dir='ltr'><strong>non</strong></span> <span class='ocrx_word' id='word_1_337' title='bbox 324 2155 387 2202; x_wconf 91' lang='lat' dir='ltr'><strong>sunt</strong></span> <span class='ocrx_word' id='word_1_338' title='bbox 398 2147 486 2209; x_wconf 83' lang='lat' dir='ltr'><strong>rerii,</strong></span> <span class='ocrx_word' id='word_1_339' title='bbox 500 2155 532 2202; x_wconf 90' lang='lat' dir='ltr'><strong>ut</strong></span> <span class='ocrx_word' id='word_1_340' title='bbox 553 2147 637 2201; x_wconf 90' lang='lat' dir='ltr'><strong>tutius</strong></span> <span class='ocrx_word' id='word_1_341' title='bbox 651 2146 732 2217; x_wconf 91' lang='lat' dir='ltr'><strong>potiri</strong></span> <span class='ocrx_word' id='word_1_342' title='bbox 749 2162 841 2202; x_wconf 89' lang='lat' dir='ltr'><strong>rerum</strong></span> <span class='ocrx_word' id='word_1_343' title='bbox 862 2159 924 2218; x_wconf 90' lang='lat' dir='ltr'><strong>per·</strong></span> 
     </span>
     <span class='ocr_line' id='line_1_46' title="bbox 137 2216 924 2287; baseline -0.004 -14"><span class='ocrx_word' id='word_1_344' title='bbox 137 2227 285 2277; x_wconf 79' lang='lat' dir='ltr'><strong>severareut</strong></span> <span class='ocrx_word' id='word_1_345' title='bbox 300 2235 308 2272; x_wconf 73' lang='grc' dir='ltr'>ε</span> <span class='ocrx_word' id='word_1_346' title='bbox 324 2218 359 2271; x_wconf 74' lang='lat' dir='ltr'><strong>iter</strong></span> <span class='ocrx_word' id='word_1_347' title='bbox 373 2226 413 2280; x_wconf 91' lang='lat' dir='ltr'><strong>ut,</strong></span> <span class='ocrx_word' id='word_1_348' title='bbox 425 2227 526 2287; x_wconf 74' lang='lat' dir='ltr'><strong>practer</strong></span> <span class='ocrx_word' id='word_1_349' title='bbox 536 2216 597 2273; x_wconf 89' lang='lat' dir='ltr'><strong>fidei</strong></span> <span class='ocrx_word' id='word_1_350' title='bbox 615 2217 776 2286; x_wconf 36' lang='lat' dir='ltr'><strong>depositum,</strong></span> <span class='ocrx_word' id='word_1_351' title='bbox 793 2217 924 2271; x_wconf 75' lang='lat' dir='ltr'><strong>aduersus</strong></span> 
     </span>
     <span class='ocr_line' id='line_1_47' title="bbox 138 2286 922 2361; baseline -0.004 -17"><span class='ocrx_word' id='word_1_352' title='bbox 138 2306 209 2357; x_wconf 83' lang='lat' dir='ltr'><strong>qnam</strong></span> <span class='ocrx_word' id='word_1_353' title='bbox 225 2298 321 2359; x_wconf 87' lang='lat' dir='ltr'><strong>portas</strong></span> <span class='ocrx_word' id='word_1_354' title='bbox 334 2286 412 2343; x_wconf 87' lang='lat' dir='ltr'><strong>inferi</strong></span> <span class='ocrx_word' id='word_1_355' title='bbox 427 2305 479 2342; x_wconf 89' lang='lat' dir='ltr'><strong>non</strong></span> <span class='ocrx_word' id='word_1_356' title='bbox 490 2288 676 2358; x_wconf 73' lang='lat' dir='ltr'><strong>praeualitnras</strong></span> <span class='ocrx_word' id='word_1_357' title='bbox 692 2287 824 2342; x_wconf 80' lang='lat' dir='ltr'><strong>infallibili</strong></span> <span class='ocrx_word' id='word_1_358' title='bbox 839 2286 922 2361; x_wconf 79' lang='lat' dir='ltr'><strong>diuini</strong></span> 
     </span>
     <span class='ocr_line' id='line_1_48' title="bbox 138 2358 921 2426; baseline -0.004 -14"><span class='ocrx_word' id='word_1_359' title='bbox 138 2360 276 2415; x_wconf 70' lang='lat' dir='ltr'><strong>silvatoris</strong></span> <span class='ocrx_word' id='word_1_360' title='bbox 300 2359 411 2413; x_wconf 89' lang='lat' dir='ltr'><strong>oraculo</strong></span> <span class='ocrx_word' id='word_1_361' title='bbox 430 2359 584 2422; x_wconf 84' lang='lat' dir='ltr'><strong>edocemur,</strong></span> <span class='ocrx_word' id='word_1_362' title='bbox 597 2359 687 2412; x_wconf 89' lang='lat' dir='ltr'><strong>omnia</strong></span> <span class='ocrx_word' id='word_1_363' title='bbox 702 2373 811 2426; x_wconf 84' lang='lat' dir='ltr'><strong>pessum</strong></span> <span class='ocrx_word' id='word_1_364' title='bbox 831 2358 921 2411; x_wconf 92' lang='lat' dir='ltr'><strong>ierint.</strong></span> 
     </span>
     <span class='ocr_line' id='line_1_49' title="bbox 136 2428 923 2500; baseline -0.005 -14"><span class='ocrx_word' id='word_1_365' title='bbox 136 2432 254 2486; x_wconf 77' lang='lat' dir='ltr'><strong>duceres</strong></span> <span class='ocrx_word' id='word_1_366' title='bbox 274 2440 341 2484; x_wconf 91' lang='lat' dir='ltr'><strong>sunt</strong></span> <span class='ocrx_word' id='word_1_367' title='bbox 365 2428 500 2500; x_wconf 67' lang='lat' dir='ltr'><strong>precipue</strong></span> <span class='ocrx_word' id='word_1_368' title='bbox 531 2430 680 2484; x_wconf 83' lang='lat' dir='ltr'><strong>senatrices</strong></span> <span class='ocrx_word' id='word_1_369' title='bbox 706 2429 758 2484; x_wconf 80' lang='lat' dir='ltr'><strong>itte</strong></span> <span class='ocrx_word' id='word_1_370' title='bbox 781 2428 923 2483; x_wconf 77' lang='lat' dir='ltr'><strong>Theodora</strong></span> 
     </span>
     <span class='ocr_line' id='line_1_50' title="bbox 137 2497 923 2570; baseline -0.005 -14"><span class='ocrx_word' id='word_1_371' title='bbox 137 2502 219 2556; x_wconf 84' lang='lat' dir='ltr'><strong>senior</strong></span> <span class='ocrx_word' id='word_1_372' title='bbox 239 2508 267 2554; x_wconf 84' lang='lat' dir='ltr'><strong>et</strong></span> <span class='ocrx_word' id='word_1_373' title='bbox 291 2499 395 2569; x_wconf 74' lang='lat' dir='ltr'><strong>iunior,</strong></span> <span class='ocrx_word' id='word_1_374' title='bbox 420 2499 554 2564; x_wconf 85' lang='lat' dir='ltr'><strong>liarocia,</strong></span> <span class='ocrx_word' id='word_1_375' title='bbox 573 2515 605 2555; x_wconf 88' lang='lat' dir='ltr'><strong>ae</strong></span> <span class='ocrx_word' id='word_1_376' title='bbox 628 2497 790 2570; x_wconf 82' lang='lat' dir='ltr'><strong>Stcplrania,</strong></span> <span class='ocrx_word' id='word_1_377' title='bbox 809 2514 923 2568; x_wconf 78' lang='lat' dir='ltr'><strong>querum</strong></span> 
     </span>
     <span class='ocr_line' id='line_1_51' title="bbox 137 2569 924 2651; baseline 0 -25"><span class='ocrx_word' id='word_1_378' title='bbox 137 2587 210 2640; x_wconf 86' lang='lat' dir='ltr'><strong>opera</strong></span> <span class='ocrx_word' id='word_1_379' title='bbox 239 2579 326 2626; x_wconf 73' lang='lat' dir='ltr'><strong>tante</strong></span> <span class='ocrx_word' id='word_1_380' title='bbox 357 2570 531 2651; x_wconf 70' lang='lat' dir='ltr'><strong>inmpoitates</strong></span> <span class='ocrx_word' id='word_1_381' title='bbox 555 2573 792 2639; x_wconf 86' lang='lat' dir='ltr'><strong>perpetrabantur.</strong></span> <span class='ocrx_word' id='word_1_382' title='bbox 821 2569 924 2626; x_wconf 84' lang='lat' dir='ltr'><strong>liarnm</strong></span> 
     </span>
     <span class='ocr_line' id='line_1_52' title="bbox 137 2637 923 2764; baseline -0.005 -69"><span class='ocrx_word' id='word_1_383' title='bbox 137 2642 226 2764; x_wconf 78' lang='lat' dir='ltr'><strong>quippe</strong></span> <span class='ocrx_word' id='word_1_384' title='bbox 248 2642 365 2704; x_wconf 72' lang='lat' dir='ltr'><strong>artibus,</strong></span> <span class='ocrx_word' id='word_1_385' title='bbox 382 2657 427 2712; x_wconf 91' lang='lat' dir='ltr'><strong>qm</strong></span> <span class='ocrx_word' id='word_1_386' title='bbox 450 2637 524 2696; x_wconf 83' lang='lat' dir='ltr'><strong>Petri</strong></span> <span class='ocrx_word' id='word_1_387' title='bbox 549 2656 721 2697; x_wconf 88' lang='lat' dir='ltr'><strong>successores</strong></span> <span class='ocrx_word' id='word_1_388' title='bbox 745 2641 923 2710; x_wconf 79' lang='lat' dir='ltr'><strong>eligebantur,</strong></span> 
     </span>
     <span class='ocr_line' id='line_1_53' title="bbox 138 2710 922 2767; baseline 0 -4"><span class='ocrx_word' id='word_1_389' title='bbox 138 2711 203 2764; x_wconf 85' lang='lat' dir='ltr'><strong>ruia</strong></span> <span class='ocrx_word' id='word_1_390' title='bbox 223 2710 281 2767; x_wconf 88' lang='lat' dir='ltr'><strong>fere</strong></span> <span class='ocrx_word' id='word_1_391' title='bbox 302 2711 464 2766; x_wconf 83' lang='lat' dir='ltr'><strong>artctmitale</strong></span> <span class='ocrx_word' id='word_1_392' title='bbox 483 2712 509 2765; x_wconf 92' lang='lat' dir='ltr'><strong>in</strong></span> <span class='ocrx_word' id='word_1_393' title='bbox 534 2711 658 2766; x_wconf 81' lang='lat' dir='ltr'><strong>ciuilibus</strong></span> <span class='ocrx_word' id='word_1_394' title='bbox 684 2712 766 2767; x_wconf 66' lang='lat' dir='ltr'><strong>nultus</strong></span> <span class='ocrx_word' id='word_1_395' title='bbox 785 2711 826 2766; x_wconf 92' lang='lat' dir='ltr'><strong>usi</strong></span> <span class='ocrx_word' id='word_1_396' title='bbox 849 2717 922 2764; x_wconf 81' lang='lat' dir='ltr'><strong>sutri.</strong></span> 
     </span>
     <span class='ocr_line' id='line_1_54' title="bbox 138 2780 923 2852; baseline 0 -18"><span class='ocrx_word' id='word_1_397' title='bbox 138 2780 213 2836; x_wconf 83' lang='lat' dir='ltr'><strong>i&#39;oedo</strong></span> <span class='ocrx_word' id='word_1_398' title='bbox 225 2782 252 2836; x_wconf 90' lang='lat' dir='ltr'><strong>in</strong></span> <span class='ocrx_word' id='word_1_399' title='bbox 263 2783 318 2837; x_wconf 87' lang='lat' dir='ltr'><strong>lroc</strong></span> <span class='ocrx_word' id='word_1_400' title='bbox 331 2796 421 2837; x_wconf 89' lang='lat' dir='ltr'><strong>rernm</strong></span> <span class='ocrx_word' id='word_1_401' title='bbox 432 2790 504 2836; x_wconf 89' lang='lat' dir='ltr'><strong>stato</strong></span> <span class='ocrx_word' id='word_1_402' title='bbox 518 2782 654 2852; x_wconf 76' lang='lat' dir='ltr'><strong>lingeret</strong></span> <span class='ocrx_word' id='word_1_403' title='bbox 669 2781 751 2838; x_wconf 78' lang='lat' dir='ltr'><strong>italiae</strong></span> <span class='ocrx_word' id='word_1_404' title='bbox 766 2781 923 2849; x_wconf 86' lang='lat' dir='ltr'><strong>liaruciam,</strong></span> 
     </span>
     <span class='ocr_line' id='line_1_55' title="bbox 138 2850 925 2922; baseline 0.004 -19"><span class='ocrx_word' id='word_1_405' title='bbox 138 2853 190 2906; x_wconf 83' lang='lat' dir='ltr'><strong>rim</strong></span> <span class='ocrx_word' id='word_1_406' title='bbox 198 2853 256 2921; x_wconf 79' lang='lat' dir='ltr'><strong>ejus</strong></span> <span class='ocrx_word' id='word_1_407' title='bbox 269 2863 391 2912; x_wconf 82' lang='lat' dir='ltr'><strong>ntorttto,</strong></span> <span class='ocrx_word' id='word_1_408' title='bbox 406 2867 502 2922; x_wconf 89' lang='lat' dir='ltr'><strong>nempe</strong></span> <span class='ocrx_word' id='word_1_409' title='bbox 517 2852 631 2912; x_wconf 82' lang='lat' dir='ltr'><strong>Widone</strong></span> <span class='ocrx_word' id='word_1_410' title='bbox 648 2851 766 2909; x_wconf 66' lang='lat' dir='ltr'><strong>alberici</strong></span> <span class='ocrx_word' id='word_1_411' title='bbox 787 2850 925 2910; x_wconf 79' lang='lat' dir='ltr'><strong>marchio-</strong></span> 
     </span>
     <span class='ocr_line' id='line_1_56' title="bbox 139 2922 925 2991; baseline 0.005 -18"><span class='ocrx_word' id='word_1_412' title='bbox 139 2922 175 2975; x_wconf 87' lang='lat' dir='ltr'><strong>nis</strong></span> <span class='ocrx_word' id='word_1_413' title='bbox 185 2933 212 2977; x_wconf 89' lang='lat' dir='ltr'><strong>et</strong></span> <span class='ocrx_word' id='word_1_414' title='bbox 225 2924 337 2978; x_wconf 88' lang='lat' dir='ltr'><strong>comitis</strong></span> <span class='ocrx_word' id='word_1_415' title='bbox 346 2922 493 2978; x_wconf 83' lang='lat' dir='ltr'><strong>Tusculani</strong></span> <span class='ocrx_word' id='word_1_416' title='bbox 511 2923 576 2980; x_wconf 81' lang='lat' dir='ltr'><strong>filiu.</strong></span> <span class='ocrx_word' id='word_1_417' title='bbox 588 2939 699 2978; x_wconf 82' lang='lat' dir='ltr'><strong>uxorem</strong></span> <span class='ocrx_word' id='word_1_418' title='bbox 711 2924 797 2988; x_wconf 82' lang='lat' dir='ltr'><strong>duxit,</strong></span> <span class='ocrx_word' id='word_1_419' title='bbox 809 2937 925 2991; x_wconf 79' lang='lat' dir='ltr'><strong>curruque</strong></span> 
     </span>
     <span class='ocr_line' id='line_1_57' title="bbox 136 2993 925 3058; baseline 0.005 -16"><span class='ocrx_word' id='word_1_420' title='bbox 136 3009 164 3044; x_wconf 86' lang='lat' dir='ltr'><strong>ra</strong></span> <span class='ocrx_word' id='word_1_421' title='bbox 181 3009 211 3048; x_wconf 82' lang='lat' dir='ltr'><strong>et</strong></span> <span class='ocrx_word' id='word_1_422' title='bbox 227 2994 349 3048; x_wconf 75' lang='lat' dir='ltr'><strong>Adriane</strong></span> <span class='ocrx_word' id='word_1_423' title='bbox 368 2994 435 3048; x_wconf 86' lang='lat' dir='ltr'><strong>ilolc</strong></span> <span class='ocrx_word' id='word_1_424' title='bbox 453 2994 605 3048; x_wconf 87' lang='lat' dir='ltr'><strong>dominatus</strong></span> <span class='ocrx_word' id='word_1_425' title='bbox 623 3005 664 3050; x_wconf 89' lang='lat' dir='ltr'><strong>est</strong></span> <span class='ocrx_word' id='word_1_426' title='bbox 682 2993 821 3058; x_wconf 76' lang='lat' dir='ltr'><strong>linoroliis,</strong></span> <span class='ocrx_word' id='word_1_427' title='bbox 835 3002 864 3048; x_wconf 88' lang='lat' dir='ltr'><strong>nt</strong></span> <span class='ocrx_word' id='word_1_428' title='bbox 876 3009 925 3047; x_wconf 91' lang='lat' dir='ltr'><strong>an-</strong></span> 
     </span>
    </p>
   </div>
   <div class='ocr_carea' id='block_1_8' title="bbox 971 1861 1772 3062">
    <p class='ocr_par' dir='ltr' id='par_1_9' title="bbox 971 1861 1772 3062">
     <span class='ocr_line' id='line_1_58' title="bbox 972 1861 1769 1937; baseline 0.005 -22"><span class='ocrx_word' id='word_1_429' title='bbox 972 1862 999 1915; x_wconf 91' lang='lat' dir='ltr'><strong>io</strong></span> <span class='ocrx_word' id='word_1_430' title='bbox 1011 1862 1022 1916; x_wconf 93' lang='lat' dir='ltr'><strong>l</strong></span> <span class='ocrx_word' id='word_1_431' title='bbox 1035 1861 1097 1927; x_wconf 89' lang='lat' dir='ltr'><strong>alia,</strong></span> <span class='ocrx_word' id='word_1_432' title='bbox 1121 1865 1312 1927; x_wconf 63' lang='lat' dir='ltr'><strong>statuerius</strong></span> <span class='ocrx_word' id='word_1_433' title='bbox 1334 1866 1475 1927; x_wconf 72' lang='lat' dir='ltr'><strong>fateamur,</strong></span> <span class='ocrx_word' id='word_1_434' title='bbox 1500 1867 1668 1937; x_wconf 76' lang='lat' dir='ltr'><strong>tyrannidem</strong></span> <span class='ocrx_word' id='word_1_435' title='bbox 1689 1882 1769 1922; x_wconf 83' lang='lat' dir='ltr'><strong>erer-</strong></span> 
     </span>
     <span class='ocr_line' id='line_1_59' title="bbox 972 1932 1767 2004; baseline 0.004 -18"><span class='ocrx_word' id='word_1_436' title='bbox 972 1932 1096 1986; x_wconf 86' lang='lat' dir='ltr'><strong>centibus</strong></span> <span class='ocrx_word' id='word_1_437' title='bbox 1110 1932 1273 2003; x_wconf 79' lang='lat' dir='ltr'><strong>lierengario</strong></span> <span class='ocrx_word' id='word_1_438' title='bbox 1286 1944 1366 2004; x_wconf 83' lang='lat' dir='ltr'><strong>atque</strong></span> <span class='ocrx_word' id='word_1_439' title='bbox 1379 1935 1535 2000; x_wconf 79' lang='lat' dir='ltr'><strong>Arleibertu,</strong></span> <span class='ocrx_word' id='word_1_440' title='bbox 1554 1934 1671 1992; x_wconf 81' lang='lat' dir='ltr'><strong>Joartncs</strong></span> <span class='ocrx_word' id='word_1_441' title='bbox 1691 1953 1767 1990; x_wconf 89' lang='lat' dir='ltr'><strong>sunt-</strong></span> 
     </span>
     <span class='ocr_line' id='line_1_60' title="bbox 972 2002 1768 2088; baseline 0.006 -32"><span class='ocrx_word' id='word_1_442' title='bbox 972 2019 1033 2056; x_wconf 87' lang='lat' dir='ltr'><strong>tnns</strong></span> <span class='ocrx_word' id='word_1_443' title='bbox 1045 2002 1175 2072; x_wconf 79' lang='lat' dir='ltr'><strong>pontifex,</strong></span> <span class='ocrx_word' id='word_1_444' title='bbox 1192 2013 1219 2058; x_wconf 91' lang='lat' dir='ltr'><strong>et</strong></span> <span class='ocrx_word' id='word_1_445' title='bbox 1232 2005 1391 2062; x_wconf 78' lang='lat' dir='ltr'><strong>unirer-salis</strong></span> <span class='ocrx_word' id='word_1_446' title='bbox 1409 2021 1487 2088; x_wconf 86' lang='lat' dir='ltr'><strong>papa,</strong></span> <span class='ocrx_word' id='word_1_447' title='bbox 1508 2004 1586 2074; x_wconf 79' lang='lat' dir='ltr'><strong>cnjus</strong></span> <span class='ocrx_word' id='word_1_448' title='bbox 1601 2015 1664 2061; x_wconf 90' lang='lat' dir='ltr'><strong>tunc</strong></span> <span class='ocrx_word' id='word_1_449' title='bbox 1674 2006 1768 2061; x_wconf 81' lang='lat' dir='ltr'><strong>Eccle-</strong></span> 
     </span>
     <span class='ocr_line' id='line_1_61' title="bbox 972 2071 1768 2146; baseline 0.004 -20"><span class='ocrx_word' id='word_1_450' title='bbox 972 2073 1012 2126; x_wconf 88' lang='lat' dir='ltr'><strong>sia</strong></span> <span class='ocrx_word' id='word_1_451' title='bbox 1033 2071 1251 2142; x_wconf 83' lang='lat' dir='ltr'><strong>strpradietorurn</strong></span> <span class='ocrx_word' id='word_1_452' title='bbox 1272 2076 1426 2146; x_wconf 75' lang='lat' dir='ltr'><strong>Berengarri</strong></span> <span class='ocrx_word' id='word_1_453' title='bbox 1442 2083 1524 2144; x_wconf 82' lang='lat' dir='ltr'><strong>atque</strong></span> <span class='ocrx_word' id='word_1_454' title='bbox 1538 2075 1674 2131; x_wconf 81' lang='lat' dir='ltr'><strong>artetueru</strong></span> <span class='ocrx_word' id='word_1_455' title='bbox 1689 2076 1768 2131; x_wconf 78' lang='lat' dir='ltr'><strong>sturi-</strong></span> 
     </span>
     <span class='ocr_line' id='line_1_62' title="bbox 973 2144 1769 2217; baseline 0.005 -19"><span class='ocrx_word' id='word_1_456' title='bbox 973 2144 1039 2198; x_wconf 91' lang='lat' dir='ltr'><strong>tiam</strong></span> <span class='ocrx_word' id='word_1_457' title='bbox 1057 2151 1116 2198; x_wconf 88' lang='lat' dir='ltr'><strong>erat</strong></span> <span class='ocrx_word' id='word_1_458' title='bbox 1136 2151 1258 2212; x_wconf 82' lang='lat' dir='ltr'><strong>experta,</strong></span> <span class='ocrx_word' id='word_1_459' title='bbox 1273 2146 1375 2217; x_wconf 76' lang='lat' dir='ltr'><strong>legatos</strong></span> <span class='ocrx_word' id='word_1_460' title='bbox 1386 2153 1487 2202; x_wconf 74' lang='lat' dir='ltr'><strong>sancte</strong></span> <span class='ocrx_word' id='word_1_461' title='bbox 1500 2145 1629 2201; x_wconf 68' lang='lat' dir='ltr'><strong>Botriana</strong></span> <span class='ocrx_word' id='word_1_462' title='bbox 1641 2145 1769 2202; x_wconf 80' lang='lat' dir='ltr'><strong>Ecclesiae</strong></span> 
     </span>
     <span class='ocr_line' id='line_1_63' title="bbox 971 2211 1769 2284; baseline 0.001 -15"><span class='ocrx_word' id='word_1_463' title='bbox 971 2211 1103 2269; x_wconf 80' lang='lat' dir='ltr'><strong>Joarrtrrm</strong></span> <span class='ocrx_word' id='word_1_464' title='bbox 1119 2214 1243 2270; x_wconf 81' lang='lat' dir='ltr'><strong>uidelicet</strong></span> <span class='ocrx_word' id='word_1_465' title='bbox 1257 2219 1333 2272; x_wconf 88' lang='lat' dir='ltr'><strong>card.</strong></span> <span class='ocrx_word' id='word_1_466' title='bbox 1346 2217 1500 2284; x_wconf 89' lang='lat' dir='ltr'><strong>diaconum,</strong></span> <span class='ocrx_word' id='word_1_467' title='bbox 1512 2225 1538 2272; x_wconf 90' lang='lat' dir='ltr'><strong>et</strong></span> <span class='ocrx_word' id='word_1_468' title='bbox 1554 2217 1688 2272; x_wconf 73' lang='lat' dir='ltr'><strong>Aaronem</strong></span> <span class='ocrx_word' id='word_1_469' title='bbox 1701 2218 1769 2272; x_wconf 87' lang='lat' dir='ltr'><strong>scri·</strong></span> 
     </span>
     <span class='ocr_line' id='line_1_64' title="bbox 973 2285 1770 2359; baseline 0.003 -21"><span class='ocrx_word' id='word_1_470' title='bbox 973 2285 1089 2339; x_wconf 86' lang='lat' dir='ltr'><strong>niarium</strong></span> <span class='ocrx_word' id='word_1_471' title='bbox 1115 2286 1242 2340; x_wconf 87' lang='lat' dir='ltr'><strong>sereniss.</strong></span> <span class='ocrx_word' id='word_1_472' title='bbox 1267 2297 1348 2357; x_wconf 90' lang='lat' dir='ltr'><strong>atque</strong></span> <span class='ocrx_word' id='word_1_473' title='bbox 1369 2289 1492 2359; x_wconf 89' lang='lat' dir='ltr'><strong>piissimo</strong></span> <span class='ocrx_word' id='word_1_474' title='bbox 1513 2295 1578 2343; x_wconf 89' lang='lat' dir='ltr'><strong>tunc</strong></span> <span class='ocrx_word' id='word_1_475' title='bbox 1601 2288 1668 2357; x_wconf 78' lang='lat' dir='ltr'><strong>regi,</strong></span> <span class='ocrx_word' id='word_1_476' title='bbox 1696 2303 1770 2342; x_wconf 83' lang='lat' dir='ltr'><strong>rrurrc</strong></span> 
     </span>
     <span class='ocr_line' id='line_1_65' title="bbox 972 2355 1769 2428; baseline 0.003 -20"><span class='ocrx_word' id='word_1_477' title='bbox 972 2355 1043 2426; x_wconf 78' lang='lat' dir='ltr'><strong>Aug.</strong></span> <span class='ocrx_word' id='word_1_478' title='bbox 1065 2355 1165 2410; x_wconf 72' lang='lat' dir='ltr'><strong>caesari</strong></span> <span class='ocrx_word' id='word_1_479' title='bbox 1199 2356 1291 2413; x_wconf 91' lang='lat' dir='ltr'><strong>Ottoni</strong></span> <span class='ocrx_word' id='word_1_480' title='bbox 1312 2359 1469 2425; x_wconf 86' lang='lat' dir='ltr'><strong>destinarit;</strong></span> <span class='ocrx_word' id='word_1_481' title='bbox 1488 2358 1645 2428; x_wconf 77' lang='lat' dir='ltr'><strong>suppliciter·</strong></span> <span class='ocrx_word' id='word_1_482' title='bbox 1670 2357 1769 2411; x_wconf 84' lang='lat' dir='ltr'><strong>litteris</strong></span> 
     </span>
     <span class='ocr_line' id='line_1_66' title="bbox 973 2425 1770 2499; baseline 0.001 -20"><span class='ocrx_word' id='word_1_483' title='bbox 973 2432 999 2479; x_wconf 90' lang='lat' dir='ltr'><strong>et</strong></span> <span class='ocrx_word' id='word_1_484' title='bbox 1016 2442 1107 2497; x_wconf 76' lang='lat' dir='ltr'><strong>regum</strong></span> <span class='ocrx_word' id='word_1_485' title='bbox 1122 2425 1206 2496; x_wconf 80' lang='lat' dir='ltr'><strong>signis</strong></span> <span class='ocrx_word' id='word_1_486' title='bbox 1218 2444 1310 2493; x_wconf 83' lang='lat' dir='ltr'><strong>oratus,</strong></span> <span class='ocrx_word' id='word_1_487' title='bbox 1347 2438 1461 2485; x_wconf 85' lang='lat' dir='ltr'><strong>eatenus</strong></span> <span class='ocrx_word' id='word_1_488' title='bbox 1472 2445 1520 2499; x_wconf 88' lang='lat' dir='ltr'><strong>pro</strong></span> <span class='ocrx_word' id='word_1_489' title='bbox 1535 2429 1581 2484; x_wconf 78' lang='lat' dir='ltr'><strong>lici</strong></span> <span class='ocrx_word' id='word_1_490' title='bbox 1598 2442 1690 2484; x_wconf 87' lang='lat' dir='ltr'><strong>amore</strong></span> <span class='ocrx_word' id='word_1_491' title='bbox 1707 2445 1770 2482; x_wconf 85' lang='lat' dir='ltr'><strong>san·</strong></span> 
     </span>
     <span class='ocr_line' id='line_1_67' title="bbox 973 2446 1771 2569; baseline 0.003 -19"><span class='ocrx_word' id='word_1_492' title='bbox 973 2509 1136 2565; x_wconf 85' lang='lat' dir='ltr'><strong>crurumque</strong></span> <span class='ocrx_word' id='word_1_493' title='bbox 1157 2497 1304 2568; x_wconf 86' lang='lat' dir='ltr'><strong>apostolor.</strong></span> <span class='ocrx_word' id='word_1_494' title='bbox 1328 2446 1403 2556; x_wconf 54' lang='lat' dir='ltr'><strong>lutri</strong></span> <span class='ocrx_word' id='word_1_495' title='bbox 1419 2508 1446 2556; x_wconf 88' lang='lat' dir='ltr'><strong>et</strong></span> <span class='ocrx_word' id='word_1_496' title='bbox 1460 2499 1545 2561; x_wconf 78' lang='lat' dir='ltr'><strong>l&#39;auli,</strong></span> <span class='ocrx_word' id='word_1_497' title='bbox 1567 2515 1635 2569; x_wconf 84' lang='lat' dir='ltr'><strong>qrros</strong></span> <span class='ocrx_word' id='word_1_498' title='bbox 1659 2498 1771 2553; x_wconf 79' lang='lat' dir='ltr'><strong>delicto-</strong></span> 
     </span>
     <span class='ocr_line' id='line_1_68' title="bbox 974 2568 1770 2639; baseline -0.005 -17"><span class='ocrx_word' id='word_1_499' title='bbox 974 2581 1035 2622; x_wconf 88' lang='lat' dir='ltr'><strong>runr</strong></span> <span class='ocrx_word' id='word_1_500' title='bbox 1059 2582 1169 2622; x_wconf 81' lang='lat' dir='ltr'><strong>suumin</strong></span> <span class='ocrx_word' id='word_1_501' title='bbox 1193 2568 1313 2639; x_wconf 89' lang='lat' dir='ltr'><strong>cupierat</strong></span> <span class='ocrx_word' id='word_1_502' title='bbox 1335 2585 1395 2626; x_wconf 77' lang='lat' dir='ltr'><strong>esse</strong></span> <span class='ocrx_word' id='word_1_503' title='bbox 1422 2570 1591 2632; x_wconf 85' lang='lat' dir='ltr'><strong>rerrrissores,</strong></span> <span class='ocrx_word' id='word_1_504' title='bbox 1613 2585 1643 2624; x_wconf 86' lang='lat' dir='ltr'><strong>se</strong></span> <span class='ocrx_word' id='word_1_505' title='bbox 1664 2569 1770 2637; x_wconf 81' lang='lat' dir='ltr'><strong>sibique</strong></span> 
     </span>
     <span class='ocr_line' id='line_1_69' title="bbox 974 2637 1772 2696; baseline 0 -5"><span class='ocrx_word' id='word_1_506' title='bbox 974 2637 1147 2693; x_wconf 85' lang='lat' dir='ltr'><strong>commissam</strong></span> <span class='ocrx_word' id='word_1_507' title='bbox 1160 2647 1282 2693; x_wconf 83' lang='lat' dir='ltr'><strong>sanctam</strong></span> <span class='ocrx_word' id='word_1_508' title='bbox 1300 2638 1448 2696; x_wconf 81' lang='lat' dir='ltr'><strong>Romarranr</strong></span> <span class='ocrx_word' id='word_1_509' title='bbox 1462 2641 1610 2695; x_wconf 80' lang='lat' dir='ltr'><strong>Ecclesiam</strong></span> <span class='ocrx_word' id='word_1_510' title='bbox 1626 2654 1658 2694; x_wconf 82' lang='lat' dir='ltr'><strong>ex</strong></span> <span class='ocrx_word' id='word_1_511' title='bbox 1674 2653 1772 2694; x_wconf 82' lang='lat' dir='ltr'><strong>rorent</strong></span> 
     </span>
     <span class='ocr_line' id='line_1_70' title="bbox 974 2706 1769 2780; baseline 0.001 -19"><span class='ocrx_word' id='word_1_512' title='bbox 974 2706 1098 2762; x_wconf 79' lang='lat' dir='ltr'><strong>faucibus</strong></span> <span class='ocrx_word' id='word_1_513' title='bbox 1120 2707 1259 2772; x_wconf 87' lang='lat' dir='ltr'><strong>liberaret,</strong></span> <span class='ocrx_word' id='word_1_514' title='bbox 1280 2726 1313 2765; x_wconf 92' lang='lat' dir='ltr'><strong>ac</strong></span> <span class='ocrx_word' id='word_1_515' title='bbox 1329 2710 1407 2765; x_wconf 83' lang='lat' dir='ltr'><strong>saltui</strong></span> <span class='ocrx_word' id='word_1_516' title='bbox 1423 2719 1450 2764; x_wconf 89' lang='lat' dir='ltr'><strong>et</strong></span> <span class='ocrx_word' id='word_1_517' title='bbox 1461 2709 1579 2764; x_wconf 87' lang='lat' dir='ltr'><strong>lilrurtati</strong></span> <span class='ocrx_word' id='word_1_518' title='bbox 1594 2709 1716 2780; x_wconf 79' lang='lat' dir='ltr'><strong>pristinae</strong></span> <span class='ocrx_word' id='word_1_519' title='bbox 1727 2726 1769 2762; x_wconf 86' lang='lat' dir='ltr'><strong>te·</strong></span> 
     </span>
     <span class='ocr_line' id='line_1_71' title="bbox 974 2776 1771 2852; baseline -0.004 -19"><span class='ocrx_word' id='word_1_520' title='bbox 974 2778 1100 2833; x_wconf 88' lang='lat' dir='ltr'><strong>stitueret</strong></span> <span class='ocrx_word' id='word_1_521' title='bbox 1103 2816 1193 2832; x_wconf 89' lang='grc'><strong>.....</strong></span> <span class='ocrx_word' id='word_1_522' title='bbox 1209 2777 1260 2845; x_wconf 83' lang='lat' dir='ltr'><strong>Qui</strong></span> <span class='ocrx_word' id='word_1_523' title='bbox 1284 2787 1359 2835; x_wconf 89' lang='lat' dir='ltr'><strong>tanto</strong></span> <span class='ocrx_word' id='word_1_524' title='bbox 1381 2781 1571 2852; x_wconf 75' lang='lat' dir='ltr'><strong>Berengarinm</strong></span> <span class='ocrx_word' id='word_1_525' title='bbox 1592 2790 1672 2849; x_wconf 88' lang='lat' dir='ltr'><strong>atquc</strong></span> <span class='ocrx_word' id='word_1_526' title='bbox 1689 2776 1771 2831; x_wconf 81' lang='lat' dir='ltr'><strong>Adel-</strong></span> 
     </span>
     <span class='ocr_line' id='line_1_72' title="bbox 974 2847 1771 2932; baseline 0 -29"><span class='ocrx_word' id='word_1_527' title='bbox 974 2850 1082 2903; x_wconf 87' lang='lat' dir='ltr'><strong>bcrtum</strong></span> <span class='ocrx_word' id='word_1_528' title='bbox 1109 2847 1223 2904; x_wconf 88' lang='lat' dir='ltr'><strong>celerius</strong></span> <span class='ocrx_word' id='word_1_529' title='bbox 1249 2865 1333 2932; x_wconf 73' lang='lat' dir='ltr'><strong>regno</strong></span> <span class='ocrx_word' id='word_1_530' title='bbox 1356 2851 1468 2921; x_wconf 81' lang='lat' dir='ltr'><strong>expulit,</strong></span> <span class='ocrx_word' id='word_1_531' title='bbox 1495 2860 1596 2921; x_wconf 78' lang='lat' dir='ltr'><strong>qnartrto</strong></span> <span class='ocrx_word' id='word_1_532' title='bbox 1619 2849 1771 2905; x_wconf 81' lang='lat' dir='ltr'><strong>euidentius</strong></span> 
     </span>
     <span class='ocr_line' id='line_1_73' title="bbox 974 2919 1772 2989; baseline -0.004 -14"><span class='ocrx_word' id='word_1_533' title='bbox 974 2927 1092 2986; x_wconf 90' lang='lat' dir='ltr'><strong>constat,</strong></span> <span class='ocrx_word' id='word_1_534' title='bbox 1109 2919 1179 2989; x_wconf 85' lang='lat' dir='ltr'><strong>qumi</strong></span> <span class='ocrx_word' id='word_1_535' title='bbox 1191 2922 1389 2977; x_wconf 87' lang='lat' dir='ltr'><strong>eomnulitones</strong></span> <span class='ocrx_word' id='word_1_536' title='bbox 1411 2922 1519 2977; x_wconf 84' lang='lat' dir='ltr'><strong>Petrum</strong></span> <span class='ocrx_word' id='word_1_537' title='bbox 1534 2932 1561 2977; x_wconf 91' lang='lat' dir='ltr'><strong>et</strong></span> <span class='ocrx_word' id='word_1_538' title='bbox 1581 2920 1692 2975; x_wconf 79' lang='lat' dir='ltr'><strong>Paralum</strong></span> <span class='ocrx_word' id='word_1_539' title='bbox 1709 2935 1772 2973; x_wconf 72' lang='lat' dir='ltr'><strong>sartr-</strong></span> 
     </span>
     <span class='ocr_line' id='line_1_74' title="bbox 975 2989 1772 3062; baseline -0.001 -17"><span class='ocrx_word' id='word_1_540' title='bbox 975 2991 1112 3045; x_wconf 88' lang='lat' dir='ltr'><strong>ctissimos</strong></span> <span class='ocrx_word' id='word_1_541' title='bbox 1122 2990 1258 3060; x_wconf 86' lang='lat' dir='ltr'><strong>apostolos</strong></span> <span class='ocrx_word' id='word_1_542' title='bbox 1271 2991 1376 3047; x_wconf 85' lang='lat' dir='ltr'><strong>lrabuit.</strong></span> <span class='ocrx_word' id='word_1_543' title='bbox 1388 2989 1478 3048; x_wconf 75' lang='lat' dir='ltr'><strong>Bonus</strong></span> <span class='ocrx_word' id='word_1_544' title='bbox 1489 2993 1579 3062; x_wconf 87' lang='lat' dir='ltr'><strong>itaque</strong></span> <span class='ocrx_word' id='word_1_545' title='bbox 1591 3007 1639 3046; x_wconf 83' lang='lat' dir='ltr'><strong>rex</strong></span> <span class='ocrx_word' id='word_1_546' title='bbox 1649 2992 1772 3060; x_wconf 83' lang='lat' dir='ltr'><strong>dispersa</strong></span> 
     </span>
    </p>
   </div>
   <div class='ocr_carea' id='block_1_9' title="bbox 41 3060 1772 3188">
    <p class='ocr_par' dir='ltr' id='par_1_10' title="bbox 41 3060 1772 3188">
     <span class='ocr_line' id='line_1_75' title="bbox 41 3060 1772 3188; baseline -0.003 -70"><span class='ocrx_word' id='word_1_547' title='bbox 41 3105 42 3108; x_wconf 63' lang='lat'><strong>,</strong></span> <span class='ocrx_word' id='word_1_548' title='bbox 136 3071 175 3118; x_wconf 84' lang='lat' dir='ltr'><strong>tea</strong></span> <span class='ocrx_word' id='word_1_549' title='bbox 187 3064 289 3120; x_wconf 76' lang='lat' dir='ltr'><strong>fecerm</strong></span> <span class='ocrx_word' id='word_1_550' title='bbox 302 3063 444 3120; x_wconf 83' lang='lat' dir='ltr'><strong>‘fbcodura</strong></span> <span class='ocrx_word' id='word_1_551' title='bbox 456 3064 578 3121; x_wconf 77' lang='lat' dir='ltr'><strong>blarocia</strong></span> <span class='ocrx_word' id='word_1_552' title='bbox 593 3073 689 3121; x_wconf 87' lang='lat' dir='ltr'><strong>mater.</strong></span> <span class='ocrx_word' id='word_1_553' title='bbox 703 3064 759 3119; x_wconf 90' lang='lat' dir='ltr'><strong>Nee</strong></span> <span class='ocrx_word' id='word_1_554' title='bbox 769 3062 823 3188; x_wconf 46' lang='grc' dir='ltr'>ἦ</span> <span class='ocrx_word' id='word_1_555' title='bbox 835 3075 923 3120; x_wconf 81' lang='lat' dir='ltr'><strong>taraco</strong></span> <span class='ocrx_word' id='word_1_556' title='bbox 939 3091 963 3155; x_wconf 71' lang='lat' dir='ltr'><strong>c</strong></span> <span class='ocrx_word' id='word_1_557' title='bbox 977 3061 1105 3131; x_wconf 77' lang='lat' dir='ltr'><strong>colligens</strong></span> <span class='ocrx_word' id='word_1_558' title='bbox 1118 3073 1144 3116; x_wconf 90' lang='lat' dir='ltr'><strong>ot</strong></span> <span class='ocrx_word' id='word_1_559' title='bbox 1159 3060 1298 3120; x_wconf 86' lang='lat' dir='ltr'><strong>cutfraeta</strong></span> <span class='ocrx_word' id='word_1_560' title='bbox 1316 3064 1496 3129; x_wconf 86' lang='lat' dir='ltr'><strong>cotrsolidans‚</strong></span> <span class='ocrx_word' id='word_1_561' title='bbox 1512 3064 1582 3134; x_wconf 80' lang='lat' dir='ltr'><strong>quaed</strong></span> <span class='ocrx_word' id='word_1_562' title='bbox 1596 3062 1694 3130; x_wconf 87' lang='lat' dir='ltr'><strong>ruique</strong></span> <span class='ocrx_word' id='word_1_563' title='bbox 1708 3075 1772 3130; x_wconf 87' lang='lat' dir='ltr'><strong>pro-</strong></span> 
     </span>
    </p>
   </div>
   <div class='ocr_carea' id='block_1_10' title="bbox 41 3132 927 3416">
    <p class='ocr_par' dir='ltr' id='par_1_11' title="bbox 41 3132 927 3416">
     <span class='ocr_line' id='line_1_76' title="bbox 138 3132 789 3204; baseline 0.005 -18"><span class='ocrx_word' id='word_1_564' title='bbox 138 3132 193 3200; x_wconf 88' lang='lat' dir='ltr'><strong>diu;</strong></span> <span class='ocrx_word' id='word_1_565' title='bbox 208 3151 270 3190; x_wconf 84' lang='lat' dir='ltr'><strong>nam</strong></span> <span class='ocrx_word' id='word_1_566' title='bbox 297 3133 440 3191; x_wconf 70' lang='lat' dir='ltr'><strong>albericus</strong></span> <span class='ocrx_word' id='word_1_567' title='bbox 459 3133 553 3204; x_wconf 77' lang='lat' dir='ltr'><strong>illidor</strong></span> <span class='ocrx_word' id='word_1_568' title='bbox 576 3134 693 3189; x_wconf 78' lang='lat' dir='ltr'><strong>Allrerici</strong></span> <span class='ocrx_word' id='word_1_569' title='bbox 717 3133 789 3190; x_wconf 82' lang='lat' dir='ltr'><strong>filius</strong></span> 
     </span>
     <span class='ocr_line' id='line_1_77' title="bbox 137 3204 925 3277; baseline 0.003 -20"><span class='ocrx_word' id='word_1_570' title='bbox 137 3219 211 3260; x_wconf 84' lang='lat' dir='ltr'><strong>eausa</strong></span> <span class='ocrx_word' id='word_1_571' title='bbox 232 3206 259 3260; x_wconf 90' lang='lat' dir='ltr'><strong>in</strong></span> <span class='ocrx_word' id='word_1_572' title='bbox 276 3204 407 3260; x_wconf 82' lang='lat' dir='ltr'><strong>vitricum</strong></span> <span class='ocrx_word' id='word_1_573' title='bbox 419 3205 502 3261; x_wconf 87' lang='lat' dir='ltr'><strong>ltaliae</strong></span> <span class='ocrx_word' id='word_1_574' title='bbox 514 3221 604 3277; x_wconf 78' lang='lat' dir='ltr'><strong>regem</strong></span> <span class='ocrx_word' id='word_1_575' title='bbox 618 3206 755 3262; x_wconf 87' lang='lat' dir='ltr'><strong>llomanos</strong></span> <span class='ocrx_word' id='word_1_576' title='bbox 768 3204 925 3260; x_wconf 82' lang='lat' dir='ltr'><strong>eurrrnmrit.</strong></span> 
     </span>
     <span class='ocr_line' id='line_1_78' title="bbox 41 3274 927 3401; baseline 0 -70"><span class='ocrx_word' id='word_1_577' title='bbox 41 3325 42 3340; x_wconf 79' lang='lat'><strong>,</strong></span> <span class='ocrx_word' id='word_1_578' title='bbox 137 3274 316 3340; x_wconf 70' lang='lat' dir='ltr'><strong>Quamobrem</strong></span> <span class='ocrx_word' id='word_1_579' title='bbox 340 3275 385 3332; x_wconf 86' lang='lat' dir='ltr'><strong>iric</strong></span> <span class='ocrx_word' id='word_1_580' title='bbox 408 3275 469 3347; x_wconf 79' lang='lat' dir='ltr'><strong>iuga</strong></span> <span class='ocrx_word' id='word_1_581' title='bbox 493 3276 601 3401; x_wconf 68' lang='lat' dir='ltr'><strong>elapsus</strong></span> <span class='ocrx_word' id='word_1_582' title='bbox 620 3276 665 3330; x_wconf 84' lang='lat' dir='ltr'><strong>rix</strong></span> <span class='ocrx_word' id='word_1_583' title='bbox 686 3276 794 3331; x_wconf 87' lang='lat' dir='ltr'><strong>tandem</strong></span> <span class='ocrx_word' id='word_1_584' title='bbox 814 3276 927 3331; x_wconf 87' lang='lat' dir='ltr'><strong>redemit</strong></span> 
     </span>
     <span class='ocr_line' id='line_1_79' title="bbox 41 3343 927 3416; baseline 0.001 -14"><span class='ocrx_word' id='word_1_585' title='bbox 41 3353 42 3372; x_wconf 64' lang='lat'>³</span> <span class='ocrx_word' id='word_1_586' title='bbox 137 3357 222 3416; x_wconf 78' lang='lat' dir='ltr'><strong>prtem</strong></span> <span class='ocrx_word' id='word_1_587' title='bbox 234 3345 305 3401; x_wconf 79' lang='lat' dir='ltr'><strong>dida</strong></span> <span class='ocrx_word' id='word_1_588' title='bbox 322 3343 377 3400; x_wconf 78' lang='lat' dir='ltr'><strong>fllia</strong></span> <span class='ocrx_word' id='word_1_589' title='bbox 394 3363 442 3401; x_wconf 86' lang='lat' dir='ltr'><strong>sna</strong></span> <span class='ocrx_word' id='word_1_590' title='bbox 457 3362 517 3401; x_wconf 85' lang='lat' dir='ltr'><strong>cunr</strong></span> <span class='ocrx_word' id='word_1_591' title='bbox 556 3348 658 3402; x_wconf 78' lang='lat' dir='ltr'><strong>lien-ico</strong></span> <span class='ocrx_word' id='word_1_592' title='bbox 677 3346 702 3400; x_wconf 89' lang='lat' dir='ltr'><strong>in</strong></span> <span class='ocrx_word' id='word_1_593' title='bbox 724 3346 927 3403; x_wconf 86' lang='lat' dir='ltr'><strong>neurinronium</strong></span> 
     </span>
    </p>
   </div>
   <div class='ocr_carea' id='block_1_11' title="bbox 41 3415 928 3486">
    <p class='ocr_par' dir='ltr' id='par_1_12' title="bbox 41 3415 928 3486">
     <span class='ocr_line' id='line_1_80' title="bbox 41 3415 928 3486; baseline 0.003 -18"><span class='ocrx_word' id='word_1_594' title='bbox 41 3429 42 3450; x_wconf 65' lang='lat' dir='ltr'><strong>t</strong></span> <span class='ocrx_word' id='word_1_595' title='bbox 137 3416 286 3485; x_wconf 79' lang='lat' dir='ltr'><strong>cunjuncta.</strong></span> <span class='ocrx_word' id='word_1_596' title='bbox 313 3415 431 3472; x_wconf 74' lang='lat' dir='ltr'><strong>diluenti</strong></span> <span class='ocrx_word' id='word_1_597' title='bbox 450 3415 568 3486; x_wconf 80' lang='lat' dir='ltr'><strong>ejrrseern</strong></span> <span class='ocrx_word' id='word_1_598' title='bbox 589 3418 660 3474; x_wconf 85' lang='lat' dir='ltr'><strong>filius</strong></span> <span class='ocrx_word' id='word_1_599' title='bbox 680 3416 844 3472; x_wconf 77' lang='lat' dir='ltr'><strong>Octauianus</strong></span> <span class='ocrx_word' id='word_1_600' title='bbox 856 3432 928 3471; x_wconf 79' lang='lat' dir='ltr'><strong>atarto</strong></span> 
     </span>
    </p>
   </div>
   <div class='ocr_carea' id='block_1_12' title="bbox 41 3484 931 4613">
    <p class='ocr_par' dir='ltr' id='par_1_13' title="bbox 136 3484 928 3557">
     <span class='ocr_line' id='line_1_81' title="bbox 136 3484 928 3557; baseline 0.003 -17"><span class='ocrx_word' id='word_1_601' title='bbox 136 3484 184 3540; x_wconf 68' lang='lat' dir='ltr'><strong>lid</strong></span> <span class='ocrx_word' id='word_1_602' title='bbox 197 3487 288 3542; x_wconf 75' lang='lat' dir='ltr'><strong>adbuc</strong></span> <span class='ocrx_word' id='word_1_603' title='bbox 309 3486 433 3557; x_wconf 85' lang='lat' dir='ltr'><strong>impubes</strong></span> <span class='ocrx_word' id='word_1_604' title='bbox 463 3487 631 3543; x_wconf 85' lang='lat' dir='ltr'><strong>ontificatum</strong></span> <span class='ocrx_word' id='word_1_605' title='bbox 646 3489 755 3542; x_wconf 75' lang='lat' dir='ltr'><strong>inuasit.</strong></span> <span class='ocrx_word' id='word_1_606' title='bbox 772 3487 848 3542; x_wconf 87' lang='lat' dir='ltr'><strong>Turre</strong></span> <span class='ocrx_word' id='word_1_607' title='bbox 864 3503 928 3542; x_wconf 86' lang='lat' dir='ltr'><strong>roro</strong></span> 
     </span>
    </p>

    <p class='ocr_par' dir='ltr' id='par_1_14' title="bbox 41 3501 929 3626">
     <span class='ocr_line' id='line_1_82' title="bbox 41 3501 929 3626; baseline 0.006 -17"><span class='ocrx_word' id='word_1_608' title='bbox 41 3555 42 3562; x_wconf 76' lang='grc'>’</span> <span class='ocrx_word' id='word_1_609' title='bbox 195 3557 229 3611; x_wconf 84' lang='lat' dir='ltr'><strong>iri</strong></span> <span class='ocrx_word' id='word_1_610' title='bbox 246 3571 280 3612; x_wconf 81' lang='lat' dir='ltr'><strong>cx</strong></span> <span class='ocrx_word' id='word_1_611' title='bbox 303 3559 394 3626; x_wconf 87' lang='lat' dir='ltr'><strong>capite</strong></span> <span class='ocrx_word' id='word_1_612' title='bbox 408 3501 487 3614; x_wconf 68' lang='lat' dir='ltr'><strong>erlis</strong></span> <span class='ocrx_word' id='word_1_613' title='bbox 504 3559 639 3623; x_wconf 66' lang='lat' dir='ltr'><strong>dontinus</strong></span> <span class='ocrx_word' id='word_1_614' title='bbox 658 3574 749 3613; x_wconf 85' lang='lat' dir='ltr'><strong>cuma</strong></span> <span class='ocrx_word' id='word_1_615' title='bbox 765 3557 929 3614; x_wconf 70' lang='lat' dir='ltr'><strong>Berenrario</strong></span> 
     </span>
    </p>

    <p class='ocr_par' dir='ltr' id='par_1_15' title="bbox 136 3600 929 3710">
     <span class='ocr_line' id='line_1_83' title="bbox 136 3600 929 3710; baseline 0.008 -32"><span class='ocrx_word' id='word_1_616' title='bbox 136 3619 211 3682; x_wconf 76' lang='lat' dir='ltr'><strong>itala</strong></span> <span class='ocrx_word' id='word_1_617' title='bbox 233 3643 303 3700; x_wconf 79' lang='lat' dir='ltr'><strong>rege</strong></span> <span class='ocrx_word' id='word_1_618' title='bbox 325 3628 438 3697; x_wconf 84' lang='lat' dir='ltr'><strong>ejusque</strong></span> <span class='ocrx_word' id='word_1_619' title='bbox 458 3627 514 3682; x_wconf 91' lang='lat' dir='ltr'><strong>frlio</strong></span> <span class='ocrx_word' id='word_1_620' title='bbox 538 3629 685 3686; x_wconf 74' lang='lat' dir='ltr'><strong>adelbero</strong></span> <span class='ocrx_word' id='word_1_621' title='bbox 710 3628 791 3682; x_wconf 88' lang='lat' dir='ltr'><strong>multa</strong></span> <span class='ocrx_word' id='word_1_622' title='bbox 819 3600 929 3710; x_wconf 65' lang='lat' dir='ltr'><strong>indigam</strong></span> 
     </span>
    </p>

    <p class='ocr_par' dir='ltr' id='par_1_16' title="bbox 136 3697 930 3965">
     <span class='ocr_line' id='line_1_84' title="bbox 136 3697 929 3768; baseline 0.004 -18"><span class='ocrx_word' id='word_1_623' title='bbox 136 3707 224 3763; x_wconf 59' lang='lat' dir='ltr'><strong>pasus</strong></span> <span class='ocrx_word' id='word_1_624' title='bbox 240 3708 329 3761; x_wconf 81' lang='lat' dir='ltr'><strong>essct,</strong></span> <span class='ocrx_word' id='word_1_625' title='bbox 349 3697 476 3753; x_wconf 85' lang='lat' dir='ltr'><strong>Ottoncm</strong></span> <span class='ocrx_word' id='word_1_626' title='bbox 499 3697 651 3756; x_wconf 84' lang='lat' dir='ltr'><strong>Germaniae</strong></span> <span class='ocrx_word' id='word_1_627' title='bbox 675 3715 765 3768; x_wconf 77' lang='lat' dir='ltr'><strong>regern</strong></span> <span class='ocrx_word' id='word_1_628' title='bbox 782 3700 808 3753; x_wconf 91' lang='lat' dir='ltr'><strong>iu</strong></span> <span class='ocrx_word' id='word_1_629' title='bbox 825 3697 929 3753; x_wconf 83' lang='lat' dir='ltr'><strong>ltulranr</strong></span> 
     </span>
     <span class='ocr_line' id='line_1_85' title="bbox 137 3768 930 3839; baseline 0.006 -20"><span class='ocrx_word' id='word_1_630' title='bbox 137 3783 191 3821; x_wconf 77' lang='lat' dir='ltr'><strong>euru</strong></span> <span class='ocrx_word' id='word_1_631' title='bbox 204 3770 331 3824; x_wconf 80' lang='lat' dir='ltr'><strong>exercitu</strong></span> <span class='ocrx_word' id='word_1_632' title='bbox 358 3769 507 3832; x_wconf 88' lang='lat' dir='ltr'><strong>accersirit,</strong></span> <span class='ocrx_word' id='word_1_633' title='bbox 525 3785 642 3839; x_wconf 85' lang='lat' dir='ltr'><strong>eumque</strong></span> <span class='ocrx_word' id='word_1_634' title='bbox 665 3768 792 3824; x_wconf 75' lang='lat' dir='ltr'><strong>Ecclesiae</strong></span> <span class='ocrx_word' id='word_1_635' title='bbox 806 3776 832 3823; x_wconf 86' lang='lat' dir='ltr'><strong>et</strong></span> <span class='ocrx_word' id='word_1_636' title='bbox 847 3768 930 3825; x_wconf 77' lang='lat' dir='ltr'><strong>tuelle</strong></span> 
     </span>
     <span class='ocr_line' id='line_1_86' title="bbox 137 3837 930 3965; baseline 0.009 -75"><span class='ocrx_word' id='word_1_637' title='bbox 137 3837 475 3965; x_wconf 47' lang='lat' dir='ltr'><strong>max&#39;mnmffidflefcnsurem</strong></span> <span class='ocrx_word' id='word_1_638' title='bbox 492 3849 630 3911; x_wconf 73' lang='lat' dir='ltr'><strong>expertus,</strong></span> <span class='ocrx_word' id='word_1_639' title='bbox 650 3839 840 3910; x_wconf 84' lang='lat' dir='ltr'><strong>imperatorem</strong></span> <span class='ocrx_word' id='word_1_640' title='bbox 855 3856 930 3897; x_wconf 89' lang='lat' dir='ltr'><strong>crea·</strong></span> 
     </span>
    </p>

    <p class='ocr_par' dir='ltr' id='par_1_17' title="bbox 139 3920 340 3962">
     <span class='ocr_line' id='line_1_87' title="bbox 139 3920 340 3962; baseline 0.025 -5"><span class='ocrx_word' id='word_1_641' title='bbox 139 3920 171 3959; x_wconf 84' lang='grc' dir='ltr'><strong>ιιι</strong></span> <span class='ocrx_word' id='word_1_642' title='bbox 186 3924 257 3962; x_wconf 87' lang='lat' dir='ltr'><strong>anno</strong></span> <span class='ocrx_word' id='word_1_643' title='bbox 333 3949 340 3962; x_wconf 87' lang='lat'><strong>.</strong></span> 
     </span>
    </p>

    <p class='ocr_par' dir='ltr' id='par_1_18' title="bbox 41 3977 931 4189">
     <span class='ocr_line' id='line_1_88' title="bbox 41 3977 930 4054; baseline 0.003 -23"><span class='ocrx_word' id='word_1_644' title='bbox 41 4049 42 4052; x_wconf 7' lang='grc' dir='ltr'><strong>Ἴ</strong></span> <span class='ocrx_word' id='word_1_645' title='bbox 169 3977 316 4034; x_wconf 75' lang='lat' dir='ltr'><strong>xxxviii.</strong></span> <span class='ocrx_word' id='word_1_646' title='bbox 330 3981 367 4035; x_wconf 85' lang='lat' dir='ltr'><strong>be</strong></span> <span class='ocrx_word' id='word_1_647' title='bbox 379 3979 462 4035; x_wconf 75' lang='lat' dir='ltr'><strong>ltalia</strong></span> <span class='ocrx_word' id='word_1_648' title='bbox 486 3981 558 4051; x_wconf 66' lang='lat' dir='ltr'><strong>regis</strong></span> <span class='ocrx_word' id='word_1_649' title='bbox 571 3980 728 4051; x_wconf 76' lang='lat' dir='ltr'><strong>expulsione</strong></span> <span class='ocrx_word' id='word_1_650' title='bbox 747 3981 852 4054; x_wconf 82' lang='lat' dir='ltr'><strong>insigne</strong></span> <span class='ocrx_word' id='word_1_651' title='bbox 867 3998 930 4052; x_wconf 91' lang='lat' dir='ltr'><strong>sup-</strong></span> 
     </span>
     <span class='ocr_line' id='line_1_89' title="bbox 136 4049 931 4137; baseline 0.01 -37"><span class='ocrx_word' id='word_1_652' title='bbox 136 4049 198 4116; x_wconf 85' lang='lat' dir='ltr'><strong>petit</strong></span> <span class='ocrx_word' id='word_1_653' title='bbox 214 4051 403 4106; x_wconf 85' lang='lat' dir='ltr'><strong>testintonium</strong></span> <span class='ocrx_word' id='word_1_654' title='bbox 430 4051 577 4107; x_wconf 78' lang='lat' dir='ltr'><strong>Frodtundi</strong></span> <span class='ocrx_word' id='word_1_655' title='bbox 601 4053 754 4126; x_wconf 60' lang='lat' dir='ltr'><strong>(audii),</strong></span> <span class='ocrx_word' id='word_1_656' title='bbox 780 4053 826 4137; x_wconf 80' lang='lat' dir='ltr'><strong>qui</strong></span> <span class='ocrx_word' id='word_1_657' title='bbox 849 4055 931 4108; x_wconf 80' lang='lat' dir='ltr'><strong>refert</strong></span> 
     </span>
     <span class='ocr_line' id='line_1_90' title="bbox 137 4121 930 4189; baseline 0.009 -17"><span class='ocrx_word' id='word_1_658' title='bbox 137 4121 364 4188; x_wconf 86' lang='lat' dir='ltr'><strong>quemadmodum</strong></span> <span class='ocrx_word' id='word_1_659' title='bbox 400 4121 560 4178; x_wconf 85' lang='lat' dir='ltr'><strong>lllrenrensis</strong></span> <span class='ocrx_word' id='word_1_660' title='bbox 584 4122 705 4178; x_wconf 71' lang='lat' dir='ltr'><strong>ecclesiae</strong></span> <span class='ocrx_word' id='word_1_661' title='bbox 727 4124 819 4189; x_wconf 77' lang='lat' dir='ltr'><strong>ruisse,</strong></span> <span class='ocrx_word' id='word_1_662' title='bbox 844 4124 930 4179; x_wconf 70' lang='lat' dir='ltr'><strong>Raima</strong></span> 
     </span>
    </p>

    <p class='ocr_par' dir='ltr' id='par_1_19' title="bbox 136 4190 929 4276">
     <span class='ocr_line' id='line_1_91' title="bbox 136 4190 929 4276; baseline 0.004 -32"><span class='ocrx_word' id='word_1_663' title='bbox 136 4190 278 4245; x_wconf 84' lang='lat' dir='ltr'><strong>redenmes</strong></span> <span class='ocrx_word' id='word_1_664' title='bbox 304 4207 367 4245; x_wconf 89' lang='lat' dir='ltr'><strong>corn</strong></span> <span class='ocrx_word' id='word_1_665' title='bbox 393 4191 474 4260; x_wconf 88' lang='lat' dir='ltr'><strong>pallio</strong></span> <span class='ocrx_word' id='word_1_666' title='bbox 520 4209 550 4248; x_wconf 94' lang='lat' dir='ltr'><strong>ro</strong></span> <span class='ocrx_word' id='word_1_667' title='bbox 578 4191 690 4248; x_wconf 76' lang='lat' dir='ltr'><strong>‚irtaldo</strong></span> <span class='ocrx_word' id='word_1_668' title='bbox 715 4195 929 4276; x_wconf 76' lang='lat' dir='ltr'><strong>eretnepescupu,</strong></span> 
     </span>
    </p>

    <p class='ocr_par' dir='ltr' id='par_1_20' title="bbox 139 4207 931 4337">
     <span class='ocr_line' id='line_1_92' title="bbox 139 4207 931 4337; baseline 0.01 -25"><span class='ocrx_word' id='word_1_669' title='bbox 139 4276 148 4306; x_wconf 82' lang='grc' dir='ltr'><strong>ι</strong></span> <span class='ocrx_word' id='word_1_670' title='bbox 166 4261 301 4326; x_wconf 86' lang='lat' dir='ltr'><strong>nuntiant,</strong></span> <span class='ocrx_word' id='word_1_671' title='bbox 315 4260 447 4317; x_wconf 79' lang='lat' dir='ltr'><strong>loannem</strong></span> <span class='ocrx_word' id='word_1_672' title='bbox 461 4207 517 4334; x_wconf 72' lang='lat' dir='ltr'><strong>(le</strong></span> <span class='ocrx_word' id='word_1_673' title='bbox 540 4277 637 4333; x_wconf 88' lang='lat' dir='ltr'><strong>papam</strong></span> <span class='ocrx_word' id='word_1_674' title='bbox 653 4263 736 4318; x_wconf 81' lang='lat' dir='ltr'><strong>filiurn</strong></span> <span class='ocrx_word' id='word_1_675' title='bbox 751 4265 850 4329; x_wconf 69' lang='lat' dir='ltr'><strong>blattae,</strong></span> <span class='ocrx_word' id='word_1_676' title='bbox 869 4282 931 4337; x_wconf 80' lang='lat' dir='ltr'><strong>quse</strong></span> 
     </span>
    </p>

    <p class='ocr_par' dir='ltr' id='par_1_21' title="bbox 136 4329 929 4397">
     <span class='ocr_line' id='line_1_93' title="bbox 136 4329 929 4397; baseline 0.01 -15"><span class='ocrx_word' id='word_1_677' title='bbox 136 4338 160 4382; x_wconf 88' lang='lat' dir='ltr'><strong>rt</strong></span> <span class='ocrx_word' id='word_1_678' title='bbox 173 4329 297 4387; x_wconf 71' lang='lat' dir='ltr'><strong>ilarucia&#39;</strong></span> <span class='ocrx_word' id='word_1_679' title='bbox 312 4332 422 4397; x_wconf 87' lang='lat' dir='ltr'><strong>dicitnr,</strong></span> <span class='ocrx_word' id='word_1_680' title='bbox 449 4335 500 4388; x_wconf 92' lang='lat' dir='ltr'><strong>snb</strong></span> <span class='ocrx_word' id='word_1_681' title='bbox 520 4335 642 4390; x_wconf 88' lang='lat' dir='ltr'><strong>custodia</strong></span> <span class='ocrx_word' id='word_1_682' title='bbox 672 4335 785 4390; x_wconf 89' lang='lat' dir='ltr'><strong>detineri</strong></span> <span class='ocrx_word' id='word_1_683' title='bbox 808 4352 823 4390; x_wconf 89' lang='lat' dir='ltr'><strong>a</strong></span> <span class='ocrx_word' id='word_1_684' title='bbox 846 4335 929 4390; x_wconf 89' lang='lat' dir='ltr'><strong>fratre</strong></span> 
     </span>
    </p>

    <p class='ocr_par' dir='ltr' id='par_1_22' title="bbox 137 4400 930 4613">
     <span class='ocr_line' id='line_1_94' title="bbox 137 4400 929 4474; baseline 0.01 -22"><span class='ocrx_word' id='word_1_685' title='bbox 137 4414 180 4454; x_wconf 85' lang='lat' dir='ltr'><strong>sno</strong></span> <span class='ocrx_word' id='word_1_686' title='bbox 196 4403 310 4457; x_wconf 89' lang='lat' dir='ltr'><strong>nomine</strong></span> <span class='ocrx_word' id='word_1_687' title='bbox 324 4400 444 4465; x_wconf 80' lang='lat' dir='ltr'><strong>Albrico,</strong></span> <span class='ocrx_word' id='word_1_688' title='bbox 461 4405 507 4473; x_wconf 91' lang='lat' dir='ltr'><strong>qui</strong></span> <span class='ocrx_word' id='word_1_689' title='bbox 525 4414 640 4459; x_wconf 88' lang='lat' dir='ltr'><strong>matrem</strong></span> <span class='ocrx_word' id='word_1_690' title='bbox 657 4421 765 4474; x_wconf 87' lang='lat' dir='ltr'><strong>qnoque</strong></span> <span class='ocrx_word' id='word_1_691' title='bbox 782 4421 858 4461; x_wconf 89' lang='lat' dir='ltr'><strong>snam</strong></span> <span class='ocrx_word' id='word_1_692' title='bbox 874 4405 929 4460; x_wconf 83' lang='lat' dir='ltr'><strong>ila·</strong></span> 
     </span>
     <span class='ocr_line' id='line_1_95' title="bbox 138 4472 930 4546; baseline 0.009 -22"><span class='ocrx_word' id='word_1_693' title='bbox 138 4472 232 4525; x_wconf 86' lang='lat' dir='ltr'><strong>roeiam</strong></span> <span class='ocrx_word' id='word_1_694' title='bbox 257 4472 381 4527; x_wconf 84' lang='lat' dir='ltr'><strong>clausam</strong></span> <span class='ocrx_word' id='word_1_695' title='bbox 402 4476 537 4538; x_wconf 83' lang='lat' dir='ltr'><strong>servabat,</strong></span> <span class='ocrx_word' id='word_1_696' title='bbox 558 4485 585 4530; x_wconf 84' lang='lat' dir='ltr'><strong>ct</strong></span> <span class='ocrx_word' id='word_1_697' title='bbox 603 4475 716 4529; x_wconf 88' lang='lat' dir='ltr'><strong>llomam</strong></span> <span class='ocrx_word' id='word_1_698' title='bbox 731 4487 824 4531; x_wconf 84' lang='lat' dir='ltr'><strong>corum</strong></span> <span class='ocrx_word' id='word_1_699' title='bbox 840 4475 930 4546; x_wconf 74' lang='lat' dir='ltr'><strong>lingo·</strong></span> 
     </span>
     <span class='ocr_line' id='line_1_96' title="bbox 137 4545 929 4613; baseline 0.009 -18"><span class='ocrx_word' id='word_1_700' title='bbox 137 4554 192 4595; x_wconf 83' lang='lat' dir='ltr'><strong>nem</strong></span> <span class='ocrx_word' id='word_1_701' title='bbox 210 4557 307 4613; x_wconf 81' lang='lat' dir='ltr'><strong>regem</strong></span> <span class='ocrx_word' id='word_1_702' title='bbox 322 4545 442 4598; x_wconf 86' lang='lat' dir='ltr'><strong>tenebat.</strong></span> <span class='ocrx_word' id='word_1_703' title='bbox 461 4565 470 4598; x_wconf 89' lang='lat' dir='ltr'><strong>r</strong></span> <span class='ocrx_word' id='word_1_704' title='bbox 491 4545 528 4601; x_wconf 86' lang='lat' dir='ltr'><strong>llo</strong></span> <span class='ocrx_word' id='word_1_705' title='bbox 541 4545 658 4601; x_wconf 80' lang='lat' dir='ltr'><strong>Alberici</strong></span> <span class='ocrx_word' id='word_1_706' title='bbox 681 4552 771 4601; x_wconf 84' lang='lat' dir='ltr'><strong>antem</strong></span> <span class='ocrx_word' id='word_1_707' title='bbox 789 4557 814 4601; x_wconf 88' lang='lat' dir='ltr'><strong>et</strong></span> <span class='ocrx_word' id='word_1_708' title='bbox 832 4548 929 4602; x_wconf 83' lang='lat' dir='ltr'><strong>[lorria-</strong></span> 
     </span>
    </p>
   </div>
   <div class='ocr_carea' id='block_1_13' title="bbox 821 3130 1773 3203">
    <p class='ocr_par' dir='ltr' id='par_1_23' title="bbox 821 3130 1773 3203">
     <span class='ocr_line' id='line_1_97' title="bbox 821 3130 1773 3203; baseline -0.004 -15"><span class='ocrx_word' id='word_1_709' title='bbox 821 3134 862 3188; x_wconf 83' lang='lat' dir='ltr'><strong>eri</strong></span> <span class='ocrx_word' id='word_1_710' title='bbox 892 3149 924 3188; x_wconf 79' lang='lat' dir='ltr'><strong>cx</strong></span> <span class='ocrx_word' id='word_1_711' title='bbox 976 3132 1066 3203; x_wconf 89' lang='lat' dir='ltr'><strong>prium</strong></span> <span class='ocrx_word' id='word_1_712' title='bbox 1077 3130 1138 3197; x_wconf 89' lang='lat' dir='ltr'><strong>fuit,</strong></span> <span class='ocrx_word' id='word_1_713' title='bbox 1153 3133 1280 3187; x_wconf 79' lang='lat' dir='ltr'><strong>restituit.</strong></span> <span class='ocrx_word' id='word_1_714' title='bbox 1296 3133 1399 3191; x_wconf 84' lang='lat' dir='ltr'><strong>Dehinc</strong></span> <span class='ocrx_word' id='word_1_715' title='bbox 1411 3133 1525 3189; x_wconf 80' lang='lat' dir='ltr'><strong>Rolnam</strong></span> <span class='ocrx_word' id='word_1_716' title='bbox 1540 3132 1638 3189; x_wconf 88' lang='lat' dir='ltr'><strong>similia</strong></span> <span class='ocrx_word' id='word_1_717' title='bbox 1651 3131 1773 3187; x_wconf 87' lang='lat' dir='ltr'><strong>facturus</strong></span> 
     </span>
    </p>
   </div>
   <div class='ocr_carea' id='block_1_14' title="bbox 977 3201 1776 4615">
    <p class='ocr_par' dir='ltr' id='par_1_24' title="bbox 977 3201 1776 4615">
     <span class='ocr_line' id='line_1_98' title="bbox 977 3201 1772 3274; baseline -0.004 -18"><span class='ocrx_word' id='word_1_718' title='bbox 977 3202 1055 3269; x_wconf 89' lang='lat' dir='ltr'><strong>adiit,</strong></span> <span class='ocrx_word' id='word_1_719' title='bbox 1073 3201 1119 3257; x_wconf 90' lang='lat' dir='ltr'><strong>nbi</strong></span> <span class='ocrx_word' id='word_1_720' title='bbox 1131 3203 1200 3257; x_wconf 81' lang='lat' dir='ltr'><strong>urire</strong></span> <span class='ocrx_word' id='word_1_721' title='bbox 1211 3211 1307 3259; x_wconf 78' lang='lat' dir='ltr'><strong>oritate</strong></span> <span class='ocrx_word' id='word_1_722' title='bbox 1325 3206 1449 3274; x_wconf 89' lang='lat' dir='ltr'><strong>mireque</strong></span> <span class='ocrx_word' id='word_1_723' title='bbox 1467 3213 1597 3274; x_wconf 88' lang='lat' dir='ltr'><strong>apparatu</strong></span> <span class='ocrx_word' id='word_1_724' title='bbox 1621 3211 1772 3272; x_wconf 79' lang='lat' dir='ltr'><strong>susceptus,</strong></span> 
     </span>
     <span class='ocr_line' id='line_1_99' title="bbox 978 3270 1773 3398; baseline -0.003 -72"><span class='ocrx_word' id='word_1_725' title='bbox 978 3273 1118 3328; x_wconf 86' lang='lat' dir='ltr'><strong>abeodem</strong></span> <span class='ocrx_word' id='word_1_726' title='bbox 1133 3288 1238 3328; x_wconf 89' lang='lat' dir='ltr'><strong>summu</strong></span> <span class='ocrx_word' id='word_1_727' title='bbox 1251 3274 1378 3343; x_wconf 89' lang='lat' dir='ltr'><strong>pontifice</strong></span> <span class='ocrx_word' id='word_1_728' title='bbox 1389 3284 1417 3329; x_wconf 92' lang='lat' dir='ltr'><strong>et</strong></span> <span class='ocrx_word' id='word_1_729' title='bbox 1430 3274 1574 3330; x_wconf 86' lang='lat' dir='ltr'><strong>truitersali</strong></span> <span class='ocrx_word' id='word_1_730' title='bbox 1588 3289 1656 3398; x_wconf 73' lang='lat' dir='ltr'><strong>papa</strong></span> <span class='ocrx_word' id='word_1_731' title='bbox 1670 3270 1773 3326; x_wconf 85' lang='lat' dir='ltr'><strong>loarrnc</strong></span> 
     </span>
     <span class='ocr_line' id='line_1_100' title="bbox 978 3340 1773 3420; baseline -0.006 -21"><span class='ocrx_word' id='word_1_732' title='bbox 978 3344 1131 3399; x_wconf 88' lang='lat' dir='ltr'><strong>urrctionern</strong></span> <span class='ocrx_word' id='word_1_733' title='bbox 1145 3351 1263 3414; x_wconf 86' lang='lat' dir='ltr'><strong>snscrpt</strong></span> <span class='ocrx_word' id='word_1_734' title='bbox 1284 3345 1400 3415; x_wconf 84' lang='lat' dir='ltr'><strong>imperii.</strong></span> <span class='ocrx_word' id='word_1_735' title='bbox 1418 3344 1468 3401; x_wconf 85' lang='lat' dir='ltr'><strong>Cui</strong></span> <span class='ocrx_word' id='word_1_736' title='bbox 1487 3362 1539 3400; x_wconf 92' lang='lat' dir='ltr'><strong>nun</strong></span> <span class='ocrx_word' id='word_1_737' title='bbox 1559 3361 1589 3400; x_wconf 91' lang='lat' dir='ltr'><strong>so</strong></span> <span class='ocrx_word' id='word_1_738' title='bbox 1601 3361 1645 3399; x_wconf 93' lang='lat' dir='ltr'><strong>um</strong></span> <span class='ocrx_word' id='word_1_739' title='bbox 1664 3340 1773 3420; x_wconf 81' lang='lat' dir='ltr'><strong>propria</strong></span> 
     </span>
     <span class='ocr_line' id='line_1_101' title="bbox 978 3413 1773 3489; baseline -0.005 -20"><span class='ocrx_word' id='word_1_740' title='bbox 978 3413 1106 3478; x_wconf 86' lang='lat' dir='ltr'><strong>restituit,</strong></span> <span class='ocrx_word' id='word_1_741' title='bbox 1120 3430 1213 3469; x_wconf 85' lang='lat' dir='ltr'><strong>rerunt</strong></span> <span class='ocrx_word' id='word_1_742' title='bbox 1235 3416 1317 3471; x_wconf 88' lang='lat' dir='ltr'><strong>etiam</strong></span> <span class='ocrx_word' id='word_1_743' title='bbox 1337 3415 1490 3489; x_wconf 80' lang='lat' dir='ltr'><strong>ingentibus</strong></span> <span class='ocrx_word' id='word_1_744' title='bbox 1512 3431 1691 3487; x_wconf 73' lang='lat' dir='ltr'><strong>peremturum,</strong></span> <span class='ocrx_word' id='word_1_745' title='bbox 1714 3428 1773 3466; x_wconf 88' lang='lat' dir='ltr'><strong>aurr</strong></span> 
     </span>
     <span class='ocr_line' id='line_1_102' title="bbox 978 3484 1772 3556; baseline -0.005 -17"><span class='ocrx_word' id='word_1_746' title='bbox 978 3493 1006 3539; x_wconf 90' lang='lat' dir='ltr'><strong>ct</strong></span> <span class='ocrx_word' id='word_1_747' title='bbox 1022 3484 1126 3555; x_wconf 79' lang='lat' dir='ltr'><strong>arpenti</strong></span> <span class='ocrx_word' id='word_1_748' title='bbox 1141 3486 1296 3542; x_wconf 88' lang='lat' dir='ltr'><strong>muneribus</strong></span> <span class='ocrx_word' id='word_1_749' title='bbox 1309 3487 1395 3556; x_wconf 87' lang='lat' dir='ltr'><strong>ipsunt</strong></span> <span class='ocrx_word' id='word_1_750' title='bbox 1411 3487 1563 3542; x_wconf 87' lang='lat' dir='ltr'><strong>lrenorarit.</strong></span> <span class='ocrx_word' id='word_1_751' title='bbox 1578 3484 1772 3553; x_wconf 73' lang='lat' dir='ltr'><strong>iusiurandum</strong></span> 
     </span>
     <span class='ocr_line' id='line_1_103' title="bbox 978 3555 1774 3628; baseline -0.004 -19"><span class='ocrx_word' id='word_1_752' title='bbox 978 3572 1043 3610; x_wconf 86' lang='lat' dir='ltr'><strong>reru</strong></span> <span class='ocrx_word' id='word_1_753' title='bbox 1053 3555 1189 3611; x_wconf 88' lang='lat' dir='ltr'><strong>abeodem</strong></span> <span class='ocrx_word' id='word_1_754' title='bbox 1200 3570 1268 3626; x_wconf 86' lang='lat' dir='ltr'><strong>papa</strong></span> <span class='ocrx_word' id='word_1_755' title='bbox 1277 3555 1380 3613; x_wconf 76' lang='lat' dir='ltr'><strong>fortune</strong></span> <span class='ocrx_word' id='word_1_756' title='bbox 1389 3573 1470 3628; x_wconf 87' lang='lat' dir='ltr'><strong>snpra</strong></span> <span class='ocrx_word' id='word_1_757' title='bbox 1480 3556 1705 3628; x_wconf 85' lang='lat' dir='ltr'><strong>pretiosissimum</strong></span> <span class='ocrx_word' id='word_1_758' title='bbox 1714 3568 1774 3609; x_wconf 90' lang='lat' dir='ltr'><strong>eor-</strong></span> 
     </span>
     <span class='ocr_line' id='line_1_104' title="bbox 978 3621 1776 3699; baseline -0.001 -20"><span class='ocrx_word' id='word_1_759' title='bbox 978 3641 1030 3695; x_wconf 92' lang='lat' dir='ltr'><strong>pns</strong></span> <span class='ocrx_word' id='word_1_760' title='bbox 1050 3621 1134 3691; x_wconf 83' lang='lat' dir='ltr'><strong>Petri,</strong></span> <span class='ocrx_word' id='word_1_761' title='bbox 1159 3637 1241 3697; x_wconf 86' lang='lat' dir='ltr'><strong>atque</strong></span> <span class='ocrx_word' id='word_1_762' title='bbox 1264 3628 1388 3683; x_wconf 87' lang='lat' dir='ltr'><strong>erunibus</strong></span> <span class='ocrx_word' id='word_1_763' title='bbox 1410 3629 1528 3684; x_wconf 80' lang='lat' dir='ltr'><strong>civitatis</strong></span> <span class='ocrx_word' id='word_1_764' title='bbox 1543 3628 1719 3699; x_wconf 84' lang='lat' dir='ltr'><strong>proceribus,</strong></span> <span class='ocrx_word' id='word_1_765' title='bbox 1744 3636 1776 3678; x_wconf 85' lang='lat' dir='ltr'><strong>se</strong></span> 
     </span>
     <span class='ocr_line' id='line_1_105' title="bbox 980 3696 1771 3768; baseline -0.008 -17"><span class='ocrx_word' id='word_1_766' title='bbox 980 3711 1117 3766; x_wconf 77' lang='lat' dir='ltr'><strong>reunquam</strong></span> <span class='ocrx_word' id='word_1_767' title='bbox 1132 3696 1295 3768; x_wconf 79' lang='lat' dir='ltr'><strong>Bererrgerie</strong></span> <span class='ocrx_word' id='word_1_768' title='bbox 1311 3709 1393 3768; x_wconf 86' lang='lat' dir='ltr'><strong>atque</strong></span> <span class='ocrx_word' id='word_1_769' title='bbox 1408 3698 1554 3754; x_wconf 80' lang='lat' dir='ltr'><strong>adeluerto</strong></span> <span class='ocrx_word' id='word_1_770' title='bbox 1566 3698 1771 3764; x_wconf 76' lang='lat' dir='ltr'><strong>auxiliaturum,</strong></span> 
     </span>
     <span class='ocr_line' id='line_1_106' title="bbox 979 3763 1770 3839; baseline 0 -20"><span class='ocrx_word' id='word_1_771' title='bbox 979 3782 1022 3820; x_wconf 79' lang='lat' dir='ltr'><strong>act</strong></span> <span class='ocrx_word' id='word_1_772' title='bbox 1028 3765 1094 3836; x_wconf 89' lang='lat' dir='ltr'><strong>epit.</strong></span> <span class='ocrx_word' id='word_1_773' title='bbox 1105 3764 1240 3823; x_wconf 77' lang='lat' dir='ltr'><strong>Posthac</strong></span> <span class='ocrx_word' id='word_1_774' title='bbox 1251 3769 1277 3822; x_wconf 94' lang='lat' dir='ltr'><strong>in</strong></span> <span class='ocrx_word' id='word_1_775' title='bbox 1288 3771 1402 3839; x_wconf 87' lang='lat' dir='ltr'><strong>petriam</strong></span> <span class='ocrx_word' id='word_1_776' title='bbox 1415 3777 1593 3839; x_wconf 86' lang='lat' dir='ltr'><strong>properanter</strong></span> <span class='ocrx_word' id='word_1_777' title='bbox 1607 3763 1770 3838; x_wconf 60' lang='lat' dir='ltr'><strong>repedante</strong></span> 
     </span>
     <span class='ocr_line' id='line_1_107' title="bbox 981 3831 1775 3910; baseline -0.005 -21"><span class='ocrx_word' id='word_1_778' title='bbox 981 3837 1076 3890; x_wconf 86' lang='lat' dir='ltr'><strong>Sitniie</strong></span> <span class='ocrx_word' id='word_1_779' title='bbox 1092 3834 1277 3904; x_wconf 82' lang='lat' dir='ltr'><strong>juramentum</strong></span> <span class='ocrx_word' id='word_1_780' title='bbox 1294 3838 1336 3903; x_wconf 89' lang='lat' dir='ltr'><strong>,si</strong></span> <span class='ocrx_word' id='word_1_781' title='bbox 1353 3838 1500 3894; x_wconf 78' lang='lat' dir='ltr'><strong>mertinisti</strong></span> <span class='ocrx_word' id='word_1_782' title='bbox 1515 3841 1585 3910; x_wconf 90' lang='lat' dir='ltr'><strong>(sup.</strong></span> <span class='ocrx_word' id='word_1_783' title='bbox 1603 3855 1630 3891; x_wconf 90' lang='lat' dir='ltr'><strong>n.</strong></span> <span class='ocrx_word' id='word_1_784' title='bbox 1645 3834 1701 3905; x_wconf 70' lang='lat' dir='ltr'><strong>db),</strong></span> <span class='ocrx_word' id='word_1_785' title='bbox 1720 3831 1775 3886; x_wconf 85' lang='lat' dir='ltr'><strong>llo-</strong></span> 
     </span>
     <span class='ocr_line' id='line_1_108' title="bbox 980 3907 1776 3985; baseline -0.005 -24"><span class='ocrx_word' id='word_1_786' title='bbox 980 3907 1054 3962; x_wconf 83' lang='lat' dir='ltr'><strong>n.ati</strong></span> <span class='ocrx_word' id='word_1_787' title='bbox 1064 3907 1248 3975; x_wconf 74' lang='lat' dir='ltr'><strong>prestiterunt</strong></span> <span class='ocrx_word' id='word_1_788' title='bbox 1259 3907 1406 3978; x_wconf 81' lang='lat' dir='ltr'><strong>bertulpho.</strong></span> <span class='ocrx_word' id='word_1_789' title='bbox 1417 3910 1507 3976; x_wconf 72' lang='lat' dir='ltr'><strong>Quare</strong></span> <span class='ocrx_word' id='word_1_790' title='bbox 1517 3908 1618 3980; x_wconf 76' lang='lat' dir='ltr'><strong>arrrrbigi</strong></span> <span class='ocrx_word' id='word_1_791' title='bbox 1630 3923 1683 3962; x_wconf 89' lang='lat' dir='ltr'><strong>uon</strong></span> <span class='ocrx_word' id='word_1_792' title='bbox 1694 3919 1776 3985; x_wconf 78' lang='lat' dir='ltr'><strong>pesse</strong></span> 
     </span>
     <span class='ocr_line' id='line_1_109' title="bbox 981 3977 1773 4055; baseline -0.003 -26"><span class='ocrx_word' id='word_1_793' title='bbox 981 3977 1125 4039; x_wconf 87' lang='lat' dir='ltr'><strong>rideretur,</strong></span> <span class='ocrx_word' id='word_1_794' title='bbox 1147 3978 1211 4047; x_wconf 91' lang='lat' dir='ltr'><strong>qnin</strong></span> <span class='ocrx_word' id='word_1_795' title='bbox 1227 3992 1353 4049; x_wconf 88' lang='lat' dir='ltr'><strong>proceres</strong></span> <span class='ocrx_word' id='word_1_796' title='bbox 1375 3979 1490 4034; x_wconf 86' lang='lat' dir='ltr'><strong>formula</strong></span> <span class='ocrx_word' id='word_1_797' title='bbox 1515 3981 1609 4034; x_wconf 86' lang='lat' dir='ltr'><strong>ear&#39;ern</strong></span> <span class='ocrx_word' id='word_1_798' title='bbox 1635 3977 1676 4032; x_wconf 91' lang='lat' dir='ltr'><strong>usi</strong></span> <span class='ocrx_word' id='word_1_799' title='bbox 1697 3982 1773 4055; x_wconf 23' lang='lat' dir='ltr'><strong>srnntt</strong></span> 
     </span>
     <span class='ocr_line' id='line_1_110' title="bbox 982 4047 1772 4122; baseline -0.006 -20"><span class='ocrx_word' id='word_1_800' title='bbox 982 4047 1061 4102; x_wconf 82' lang='lat' dir='ltr'><strong>Saluo</strong></span> <span class='ocrx_word' id='word_1_801' title='bbox 1085 4047 1184 4102; x_wconf 76' lang='lat' dir='ltr'><strong>honere</strong></span> <span class='ocrx_word' id='word_1_802' title='bbox 1207 4060 1231 4103; x_wconf 88' lang='lat' dir='ltr'><strong>et</strong></span> <span class='ocrx_word' id='word_1_803' title='bbox 1256 4049 1310 4120; x_wconf 79' lang='lat' dir='ltr'><strong>ieqc</strong></span> <span class='ocrx_word' id='word_1_804' title='bbox 1333 4067 1391 4104; x_wconf 84' lang='lat' dir='ltr'><strong>utcu</strong></span> <span class='ocrx_word' id='word_1_805' title='bbox 1416 4061 1493 4122; x_wconf 85' lang='lat' dir='ltr'><strong>utque</strong></span> <span class='ocrx_word' id='word_1_806' title='bbox 1522 4049 1649 4120; x_wconf 74' lang='lat' dir='ltr'><strong>fidelitate</strong></span> <span class='ocrx_word' id='word_1_807' title='bbox 1673 4047 1772 4100; x_wconf 82' lang='lat' dir='ltr'><strong>domurn</strong></span> 
     </span>
     <span class='ocr_line' id='line_1_111' title="bbox 980 4115 1773 4195; baseline -0.006 -24"><span class='ocrx_word' id='word_1_808' title='bbox 980 4116 1104 4172; x_wconf 77' lang='lat' dir='ltr'><strong>ioannis.</strong></span> <span class='ocrx_word' id='word_1_809' title='bbox 1125 4117 1175 4188; x_wconf 78' lang='lat' dir='ltr'><strong>tile</strong></span> <span class='ocrx_word' id='word_1_810' title='bbox 1190 4119 1345 4188; x_wconf 72' lang='lat' dir='ltr'><strong>jtrrrtmento</strong></span> <span class='ocrx_word' id='word_1_811' title='bbox 1362 4123 1484 4191; x_wconf 70' lang='lat' dir='ltr'><strong>praestito</strong></span> <span class='ocrx_word' id='word_1_812' title='bbox 1501 4121 1657 4190; x_wconf 90' lang='lat' dir='ltr'><strong>apontiiice</strong></span> <span class='ocrx_word' id='word_1_813' title='bbox 1674 4115 1773 4195; x_wconf 67' lang='lat' dir='ltr'><strong>similia</strong></span> 
     </span>
     <span class='ocr_line' id='line_1_112' title="bbox 980 4186 1772 4267; baseline -0.003 -25"><span class='ocrx_word' id='word_1_814' title='bbox 980 4188 1105 4258; x_wconf 89' lang='lat' dir='ltr'><strong>proferre</strong></span> <span class='ocrx_word' id='word_1_815' title='bbox 1127 4205 1208 4247; x_wconf 81' lang='lat' dir='ltr'><strong>rteuro</strong></span> <span class='ocrx_word' id='word_1_816' title='bbox 1229 4190 1318 4257; x_wconf 83' lang='lat' dir='ltr'><strong>atrsit;</strong></span> <span class='ocrx_word' id='word_1_817' title='bbox 1345 4207 1467 4248; x_wconf 81' lang='lat' dir='ltr'><strong>sutrnnns</strong></span> <span class='ocrx_word' id='word_1_818' title='bbox 1488 4194 1561 4247; x_wconf 90' lang='lat' dir='ltr'><strong>enim</strong></span> <span class='ocrx_word' id='word_1_819' title='bbox 1580 4189 1709 4261; x_wconf 85' lang='lat' dir='ltr'><strong>princeps</strong></span> <span class='ocrx_word' id='word_1_820' title='bbox 1728 4186 1772 4267; x_wconf 79' lang='lat' dir='ltr'><strong>altr</strong></span> 
     </span>
     <span class='ocr_line' id='line_1_113' title="bbox 980 4258 1772 4335; baseline 0 -22"><span class='ocrx_word' id='word_1_821' title='bbox 980 4258 1106 4332; x_wconf 88' lang='lat' dir='ltr'><strong>principi,</strong></span> <span class='ocrx_word' id='word_1_822' title='bbox 1132 4275 1213 4330; x_wconf 90' lang='lat' dir='ltr'><strong>quem</strong></span> <span class='ocrx_word' id='word_1_823' title='bbox 1238 4275 1294 4316; x_wconf 85' lang='lat' dir='ltr'><strong>strae</strong></span> <span class='ocrx_word' id='word_1_824' title='bbox 1317 4264 1459 4335; x_wconf 86' lang='lat' dir='ltr'><strong>potestatis</strong></span> <span class='ocrx_word' id='word_1_825' title='bbox 1481 4262 1546 4318; x_wconf 88' lang='lat' dir='ltr'><strong>facit</strong></span> <span class='ocrx_word' id='word_1_826' title='bbox 1569 4260 1772 4332; x_wconf 83' lang='lat' dir='ltr'><strong>participemur</strong></span> 
     </span>
     <span class='ocr_line' id='line_1_114' title="bbox 981 4324 1773 4402; baseline -0.001 -19"><span class='ocrx_word' id='word_1_827' title='bbox 981 4329 1112 4394; x_wconf 87' lang='lat' dir='ltr'><strong>subditus,</strong></span> <span class='ocrx_word' id='word_1_828' title='bbox 1132 4346 1185 4386; x_wconf 90' lang='lat' dir='ltr'><strong>uon</strong></span> <span class='ocrx_word' id='word_1_829' title='bbox 1202 4331 1355 4389; x_wconf 85' lang='lat' dir='ltr'><strong>fidelitatem</strong></span> <span class='ocrx_word' id='word_1_830' title='bbox 1367 4351 1414 4390; x_wconf 89' lang='lat' dir='ltr'><strong>seu</strong></span> <span class='ocrx_word' id='word_1_831' title='bbox 1426 4328 1711 4402; x_wconf 73' lang='lat' dir='ltr'><strong>subiectionemjurat,</strong></span> <span class='ocrx_word' id='word_1_832' title='bbox 1726 4324 1773 4382; x_wconf 83' lang='lat' dir='ltr'><strong>sed</strong></span> 
     </span>
     <span class='ocr_line' id='line_1_115' title="bbox 980 4397 1774 4479; baseline -0.003 -25"><span class='ocrx_word' id='word_1_833' title='bbox 980 4410 1150 4455; x_wconf 87' lang='lat' dir='ltr'><strong>sacramento</strong></span> <span class='ocrx_word' id='word_1_834' title='bbox 1172 4402 1323 4473; x_wconf 89' lang='lat' dir='ltr'><strong>pollicetur,</strong></span> <span class='ocrx_word' id='word_1_835' title='bbox 1346 4420 1375 4459; x_wconf 88' lang='lat' dir='ltr'><strong>se</strong></span> <span class='ocrx_word' id='word_1_836' title='bbox 1394 4403 1464 4460; x_wconf 92' lang='lat' dir='ltr'><strong>illins</strong></span> <span class='ocrx_word' id='word_1_837' title='bbox 1482 4402 1604 4460; x_wconf 88' lang='lat' dir='ltr'><strong>bostilnts</strong></span> <span class='ocrx_word' id='word_1_838' title='bbox 1617 4418 1670 4456; x_wconf 92' lang='lat' dir='ltr'><strong>nun</strong></span> <span class='ocrx_word' id='word_1_839' title='bbox 1685 4397 1774 4479; x_wconf 73' lang='lat' dir='ltr'><strong>adhar-</strong></span> 
     </span>
     <span class='ocr_line' id='line_1_116' title="bbox 980 4467 1775 4543; baseline -0.006 -17"><span class='ocrx_word' id='word_1_840' title='bbox 980 4472 1097 4543; x_wconf 86' lang='lat' dir='ltr'><strong>surum).</strong></span> <span class='ocrx_word' id='word_1_841' title='bbox 1110 4471 1292 4543; x_wconf 87' lang='lat' dir='ltr'><strong>Luitprandus</strong></span> <span class='ocrx_word' id='word_1_842' title='bbox 1302 4485 1391 4530; x_wconf 89' lang='lat' dir='ltr'><strong>autem</strong></span> <span class='ocrx_word' id='word_1_843' title='bbox 1403 4492 1437 4531; x_wconf 91' lang='lat' dir='ltr'><strong>ne</strong></span> <span class='ocrx_word' id='word_1_844' title='bbox 1449 4475 1586 4530; x_wconf 84' lang='lat' dir='ltr'><strong>Runratros</strong></span> <span class='ocrx_word' id='word_1_845' title='bbox 1601 4473 1708 4542; x_wconf 89' lang='lat' dir='ltr'><strong>quidem</strong></span> <span class='ocrx_word' id='word_1_846' title='bbox 1722 4467 1775 4524; x_wconf 86' lang='lat' dir='ltr'><strong>alto</strong></span> 
     </span>
     <span class='ocr_line' id='line_1_117' title="bbox 980 4543 1773 4615; baseline -0.005 -19"><span class='ocrx_word' id='word_1_847' title='bbox 980 4554 1151 4598; x_wconf 83' lang='lat' dir='ltr'><strong>sacramento</strong></span> <span class='ocrx_word' id='word_1_848' title='bbox 1175 4559 1238 4600; x_wconf 81' lang='lat' dir='ltr'><strong>arsos</strong></span> <span class='ocrx_word' id='word_1_849' title='bbox 1260 4560 1320 4601; x_wconf 89' lang='lat' dir='ltr'><strong>csse</strong></span> <span class='ocrx_word' id='word_1_850' title='bbox 1341 4545 1467 4602; x_wconf 89' lang='lat' dir='ltr'><strong>allirrnat.</strong></span> <span class='ocrx_word' id='word_1_851' title='bbox 1480 4545 1600 4615; x_wconf 89' lang='lat' dir='ltr'><strong>Utroque</strong></span> <span class='ocrx_word' id='word_1_852' title='bbox 1617 4543 1773 4612; x_wconf 78' lang='lat' dir='ltr'><strong>iuramento</strong></span> 
     </span>
    </p>
   </div>
   <div class='ocr_carea' id='block_1_15' title="bbox 137 4611 1776 4756">
    <p class='ocr_par' dir='ltr' id='par_1_25' title="bbox 137 4611 1776 4756">
     <span class='ocr_line' id='line_1_118' title="bbox 137 4611 1774 4689; baseline 0.002 -26"><span class='ocrx_word' id='word_1_853' title='bbox 137 4626 227 4666; x_wconf 85' lang='lat' dir='ltr'><strong>nomm</strong></span> <span class='ocrx_word' id='word_1_854' title='bbox 238 4613 357 4672; x_wconf 87' lang='lat' dir='ltr'><strong>consiliu</strong></span> <span class='ocrx_word' id='word_1_855' title='bbox 369 4625 431 4684; x_wconf 88' lang='lat' dir='ltr'><strong>post</strong></span> <span class='ocrx_word' id='word_1_856' title='bbox 446 4616 713 4686; x_wconf 75' lang='lat' dir='ltr'><strong>regisexpnls&#39;onem</strong></span> <span class='ocrx_word' id='word_1_857' title='bbox 725 4617 927 4689; x_wconf 72' lang='lat' dir='ltr'><strong>blondnsflier.</strong></span> <span class='ocrx_word' id='word_1_858' title='bbox 981 4612 1079 4666; x_wconf 84' lang='lat' dir='ltr'><strong>ntirurn</strong></span> <span class='ocrx_word' id='word_1_859' title='bbox 1099 4614 1125 4669; x_wconf 93' lang='lat' dir='ltr'><strong>in</strong></span> <span class='ocrx_word' id='word_1_860' title='bbox 1146 4615 1255 4669; x_wconf 82' lang='lat' dir='ltr'><strong>niodum</strong></span> <span class='ocrx_word' id='word_1_861' title='bbox 1279 4617 1426 4672; x_wconf 88' lang='lat' dir='ltr'><strong>abutuntur</strong></span> <span class='ocrx_word' id='word_1_862' title='bbox 1448 4618 1596 4687; x_wconf 86' lang='lat' dir='ltr'><strong>scriptores</strong></span> <span class='ocrx_word' id='word_1_863' title='bbox 1619 4611 1774 4685; x_wconf 78' lang='lat' dir='ltr'><strong>apostolice</strong></span> 
     </span>
     <span class='ocr_line' id='line_1_119' title="bbox 137 4679 1776 4756; baseline 0.003 -23"><span class='ocrx_word' id='word_1_864' title='bbox 137 4679 160 4737; x_wconf 74' lang='lat' dir='ltr'><strong>l.</strong></span> <span class='ocrx_word' id='word_1_865' title='bbox 176 4681 221 4736; x_wconf 90' lang='lat' dir='ltr'><strong>lib.</strong></span> <span class='ocrx_word' id='word_1_866' title='bbox 240 4685 275 4755; x_wconf 86' lang='lat' dir='ltr'><strong>rr)</strong></span> <span class='ocrx_word' id='word_1_867' title='bbox 299 4684 357 4741; x_wconf 85' lang='lat' dir='ltr'><strong>iraee</strong></span> <span class='ocrx_word' id='word_1_868' title='bbox 374 4695 488 4741; x_wconf 82' lang='lat' dir='ltr'><strong>narrat:</strong></span> <span class='ocrx_word' id='word_1_869' title='bbox 508 4687 625 4742; x_wconf 67' lang='lat' dir='ltr'><strong>«Rornae</strong></span> <span class='ocrx_word' id='word_1_870' title='bbox 648 4686 789 4743; x_wconf 81' lang='lat' dir='ltr'><strong>enimdeo</strong></span> <span class='ocrx_word' id='word_1_871' title='bbox 806 4687 930 4744; x_wconf 72' lang='lat' dir='ltr'><strong>ceresolas</strong></span> <span class='ocrx_word' id='word_1_872' title='bbox 980 4683 1038 4736; x_wconf 88' lang='lat' dir='ltr'><strong>sedi</strong></span> <span class='ocrx_word' id='word_1_873' title='bbox 1060 4682 1168 4748; x_wconf 88' lang='lat' dir='ltr'><strong>infensi,</strong></span> <span class='ocrx_word' id='word_1_874' title='bbox 1180 4694 1218 4749; x_wconf 90' lang='lat' dir='ltr'><strong>ut,</strong></span> <span class='ocrx_word' id='word_1_875' title='bbox 1234 4686 1369 4756; x_wconf 86' lang='lat' dir='ltr'><strong>pontificis</strong></span> <span class='ocrx_word' id='word_1_876' title='bbox 1383 4690 1545 4746; x_wconf 89' lang='lat' dir='ltr'><strong>auctoritate</strong></span> <span class='ocrx_word' id='word_1_877' title='bbox 1566 4688 1702 4755; x_wconf 88' lang='lat' dir='ltr'><strong>depressa,</strong></span> <span class='ocrx_word' id='word_1_878' title='bbox 1722 4683 1776 4737; x_wconf 88' lang='lat' dir='ltr'><strong>int·</strong></span> 
     </span>
    </p>
   </div>
   <div class='ocr_carea' id='block_1_16' title="bbox 41 4752 1807 4900">
    <p class='ocr_par' dir='ltr' id='par_1_26' title="bbox 41 4752 1807 4900">
     <span class='ocr_line' id='line_1_120' title="bbox 41 4752 1807 4829; baseline 0 -19"><span class='ocrx_word' id='word_1_879' title='bbox 41 4805 42 4810; x_wconf 73' lang='grc'>,</span> <span class='ocrx_word' id='word_1_880' title='bbox 136 4754 325 4809; x_wconf 80' lang='lat' dir='ltr'><strong>crrrulrilitate</strong></span> <span class='ocrx_word' id='word_1_881' title='bbox 341 4763 567 4825; x_wconf 88' lang='lat' dir='ltr'><strong>quotannstnne</strong></span> <span class='ocrx_word' id='word_1_882' title='bbox 587 4756 756 4828; x_wconf 71' lang='lat' dir='ltr'><strong>flebantque</strong></span> <span class='ocrx_word' id='word_1_883' title='bbox 776 4759 810 4814; x_wconf 89' lang='lat' dir='ltr'><strong>ad</strong></span> <span class='ocrx_word' id='word_1_884' title='bbox 832 4757 947 4814; x_wconf 81' lang='lat' dir='ltr'><strong>uetusti</strong></span> <span class='ocrx_word' id='word_1_885' title='bbox 980 4752 1108 4822; x_wconf 72' lang='lat' dir='ltr'><strong>peridem</strong></span> <span class='ocrx_word' id='word_1_886' title='bbox 1119 4753 1244 4826; x_wconf 78' lang='lat' dir='ltr'><strong>36plus</strong></span> <span class='ocrx_word' id='word_1_887' title='bbox 1263 4773 1341 4827; x_wconf 86' lang='lat' dir='ltr'><strong>aequo</strong></span> <span class='ocrx_word' id='word_1_888' title='bbox 1360 4758 1641 4829; x_wconf 82' lang='lat' dir='ltr'><strong>clerenttpropterea</strong></span> <span class='ocrx_word' id='word_1_889' title='bbox 1664 4761 1708 4810; x_wconf 82' lang='lat' dir='ltr'><strong>r&#39;es</strong></span> <span class='ocrx_word' id='word_1_890' title='bbox 1731 4765 1776 4810; x_wconf 77' lang='lat' dir='ltr'><strong>oe</strong></span> <span class='ocrx_word' id='word_1_891' title='bbox 1803 4775 1807 4781; x_wconf 72' lang='grc'>’</span> 
     </span>
     <span class='ocr_line' id='line_1_121' title="bbox 41 4823 1776 4900; baseline 0 -21"><span class='ocrx_word' id='word_1_892' title='bbox 41 4825 42 4858; x_wconf 59' lang='lat' dir='ltr'><strong>i</strong></span> <span class='ocrx_word' id='word_1_893' title='bbox 136 4823 293 4879; x_wconf 78' lang='lat' dir='ltr'><strong>mustrlatns</strong></span> <span class='ocrx_word' id='word_1_894' title='bbox 323 4827 463 4895; x_wconf 77' lang='lat' dir='ltr'><strong>exemplar</strong></span> <span class='ocrx_word' id='word_1_895' title='bbox 481 4843 594 4883; x_wconf 84' lang='lat' dir='ltr'><strong>snrnnue</strong></span> <span class='ocrx_word' id='word_1_896' title='bbox 609 4844 698 4883; x_wconf 88' lang='lat' dir='ltr'><strong>rerum</strong></span> <span class='ocrx_word' id='word_1_897' title='bbox 723 4837 881 4898; x_wconf 75' lang='lat' dir='ltr'><strong>praeessent,</strong></span> <span class='ocrx_word' id='word_1_898' title='bbox 903 4836 931 4884; x_wconf 91' lang='lat' dir='ltr'><strong>et</strong></span> <span class='ocrx_word' id='word_1_899' title='bbox 981 4823 1071 4879; x_wconf 87' lang='lat' dir='ltr'><strong>rnitrns</strong></span> <span class='ocrx_word' id='word_1_900' title='bbox 1103 4827 1280 4896; x_wconf 73' lang='lat' dir='ltr'><strong>aggredienda</strong></span> <span class='ocrx_word' id='word_1_901' title='bbox 1305 4828 1367 4894; x_wconf 89' lang='lat' dir='ltr'><strong>erit,</strong></span> <span class='ocrx_word' id='word_1_902' title='bbox 1390 4839 1420 4884; x_wconf 87' lang='lat' dir='ltr'><strong>ut</strong></span> <span class='ocrx_word' id='word_1_903' title='bbox 1441 4837 1543 4900; x_wconf 75' lang='lat' dir='ltr'><strong>pirardo</strong></span> <span class='ocrx_word' id='word_1_904' title='bbox 1562 4827 1711 4884; x_wconf 86' lang='lat' dir='ltr'><strong>dissideant</strong></span> <span class='ocrx_word' id='word_1_905' title='bbox 1734 4827 1776 4881; x_wconf 90' lang='lat' dir='ltr'><strong>in-</strong></span> 
     </span>
    </p>
   </div>
   <div class='ocr_carea' id='block_1_17' title="bbox 41 4963 932 5041">
    <p class='ocr_par' dir='ltr' id='par_1_27' title="bbox 41 4963 932 5041">
     <span class='ocr_line' id='line_1_122' title="bbox 41 4963 932 5041; baseline 0.012 -28"><span class='ocrx_word' id='word_1_906' title='bbox 41 4977 42 4992; x_wconf 44' lang='lat' dir='ltr'><strong>t</strong></span> <span class='ocrx_word' id='word_1_907' title='bbox 135 4965 217 5016; x_wconf 78' lang='lat' dir='ltr'><strong>relat</strong></span> <span class='ocrx_word' id='word_1_908' title='bbox 237 4963 280 5020; x_wconf 83' lang='lat' dir='ltr'><strong>Ex</strong></span> <span class='ocrx_word' id='word_1_909' title='bbox 295 4966 373 5035; x_wconf 85' lang='lat' dir='ltr'><strong>plebe</strong></span> <span class='ocrx_word' id='word_1_910' title='bbox 388 4977 477 5022; x_wconf 89' lang='lat' dir='ltr'><strong>auteur</strong></span> <span class='ocrx_word' id='word_1_911' title='bbox 491 4970 576 5024; x_wconf 89' lang='lat' dir='ltr'><strong>creati</strong></span> <span class='ocrx_word' id='word_1_912' title='bbox 599 4968 712 5041; x_wconf 77' lang='lat' dir='ltr'><strong>singulis</strong></span> <span class='ocrx_word' id='word_1_913' title='bbox 733 4970 812 5025; x_wconf 86' lang='lat' dir='ltr'><strong>arrrris</strong></span> <span class='ocrx_word' id='word_1_914' title='bbox 830 4970 932 5026; x_wconf 90' lang='lat' dir='ltr'><strong>duode-</strong></span> 
     </span>
    </p>
   </div>
   <div class='ocr_carea' id='block_1_18' title="bbox 41 5243 184 5318">
    <p class='ocr_par' dir='ltr' id='par_1_28' title="bbox 41 5243 184 5318">
     <span class='ocr_line' id='line_1_123' title="bbox 41 5243 184 5318; baseline -0.007 -21"><span class='ocrx_word' id='word_1_915' title='bbox 41 5313 42 5318; x_wconf 10' lang='grc' dir='ltr'><strong>Ὶ</strong></span> <span class='ocrx_word' id='word_1_916' title='bbox 133 5243 184 5297; x_wconf 84' lang='lat' dir='ltr'><strong>tuli</strong></span> 
     </span>
    </p>
   </div>
   <div class='ocr_carea' id='block_1_19' title="bbox 133 4891 1778 5400">
    <p class='ocr_par' dir='ltr' id='par_1_29' title="bbox 133 4891 1778 5400">
     <span class='ocr_line' id='line_1_124' title="bbox 135 4891 1377 5021; baseline 0.004 -75"><span class='ocrx_word' id='word_1_917' title='bbox 135 4891 278 4959; x_wconf 75' lang='lat' dir='ltr'><strong>prefectus</strong></span> <span class='ocrx_word' id='word_1_918' title='bbox 297 4895 363 4949; x_wconf 85' lang='lat' dir='ltr'><strong>item</strong></span> <span class='ocrx_word' id='word_1_919' title='bbox 378 4911 410 4950; x_wconf 81' lang='lat' dir='ltr'><strong>ex</strong></span> <span class='ocrx_word' id='word_1_920' title='bbox 424 4897 566 4960; x_wconf 88' lang='lat' dir='ltr'><strong>nobilitate</strong></span> <span class='ocrx_word' id='word_1_921' title='bbox 582 4907 690 4954; x_wconf 88' lang='lat' dir='ltr'><strong>creatus</strong></span> <span class='ocrx_word' id='word_1_922' title='bbox 712 4899 811 4969; x_wconf 90' lang='lat' dir='ltr'><strong>populo</strong></span> <span class='ocrx_word' id='word_1_923' title='bbox 827 4899 874 4970; x_wconf 87' lang='lat' dir='ltr'><strong>jus</strong></span> <span class='ocrx_word' id='word_1_924' title='bbox 890 4897 932 4954; x_wconf 86' lang='lat' dir='ltr'><strong>di·</strong></span> <span class='ocrx_word' id='word_1_925' title='bbox 981 4895 1121 4949; x_wconf 86' lang='lat' dir='ltr'><strong>terrallea</strong></span> <span class='ocrx_word' id='word_1_926' title='bbox 1136 4895 1247 4951; x_wconf 79' lang='lat' dir='ltr'><strong>ueritate</strong></span> <span class='ocrx_word' id='word_1_927' title='bbox 1257 4898 1377 5021; x_wconf 73' lang='lat' dir='ltr'><strong>patefiat.</strong></span> 
     </span>
     <span class='ocr_line' id='line_1_125' title="bbox 1017 4963 1777 5037; baseline 0.005 -19"><span class='ocrx_word' id='word_1_928' title='bbox 1017 4963 1074 5018; x_wconf 78' lang='lat' dir='ltr'><strong>xc.</strong></span> <span class='ocrx_word' id='word_1_929' title='bbox 1092 4967 1159 5020; x_wconf 69' lang='lat' dir='ltr'><strong>(inm</strong></span> <span class='ocrx_word' id='word_1_930' title='bbox 1177 4968 1252 5037; x_wconf 90' lang='lat' dir='ltr'><strong>ponti</strong></span> <span class='ocrx_word' id='word_1_931' title='bbox 1266 4984 1298 5023; x_wconf 84' lang='lat' dir='ltr'><strong>ex</strong></span> <span class='ocrx_word' id='word_1_932' title='bbox 1319 4968 1439 5024; x_wconf 88' lang='lat' dir='ltr'><strong>loarrnes</strong></span> <span class='ocrx_word' id='word_1_933' title='bbox 1465 4969 1499 5025; x_wconf 88' lang='lat' dir='ltr'><strong>dc</strong></span> <span class='ocrx_word' id='word_1_934' title='bbox 1523 4967 1695 5037; x_wconf 89' lang='lat' dir='ltr'><strong>imperatoria</strong></span> <span class='ocrx_word' id='word_1_935' title='bbox 1719 4982 1777 5022; x_wconf 83' lang='lat' dir='ltr'><strong>ma-</strong></span> 
     </span>
     <span class='ocr_line' id='line_1_126' title="bbox 135 5030 1777 5116; baseline 0.006 -34"><span class='ocrx_word' id='word_1_936' title='bbox 135 5032 199 5112; x_wconf 74' lang='lat' dir='ltr'><strong>ciro,</strong></span> <span class='ocrx_word' id='word_1_937' title='bbox 224 5037 331 5104; x_wconf 84' lang='lat' dir='ltr'><strong>quibus</strong></span> <span class='ocrx_word' id='word_1_938' title='bbox 355 5038 549 5094; x_wconf 84' lang='lat' dir='ltr'><strong>decarconibus</strong></span> <span class='ocrx_word' id='word_1_939' title='bbox 567 5048 627 5095; x_wconf 83' lang='lat' dir='ltr'><strong>erat</strong></span> <span class='ocrx_word' id='word_1_940' title='bbox 646 5039 806 5112; x_wconf 87' lang='lat' dir='ltr'><strong>appellatio,</strong></span> <span class='ocrx_word' id='word_1_941' title='bbox 822 5045 932 5095; x_wconf 73' lang='lat' dir='ltr'><strong>senatum</strong></span> <span class='ocrx_word' id='word_1_942' title='bbox 977 5030 1078 5116; x_wconf 66' lang='lat' dir='ltr'><strong>pestate</strong></span> <span class='ocrx_word' id='word_1_943' title='bbox 1092 5037 1126 5091; x_wconf 88' lang='lat' dir='ltr'><strong>atl</strong></span> <span class='ocrx_word' id='word_1_944' title='bbox 1137 5035 1287 5094; x_wconf 80' lang='lat' dir='ltr'><strong>Germanos</strong></span> <span class='ocrx_word' id='word_1_945' title='bbox 1306 5038 1493 5095; x_wconf 86' lang='lat' dir='ltr'><strong>transferenda</strong></span> <span class='ocrx_word' id='word_1_946' title='bbox 1514 5040 1654 5110; x_wconf 74' lang='lat' dir='ltr'><strong>cogitaret,</strong></span> <span class='ocrx_word' id='word_1_947' title='bbox 1673 5054 1728 5094; x_wconf 88' lang='lat' dir='ltr'><strong>noa</strong></span> <span class='ocrx_word' id='word_1_948' title='bbox 1743 5038 1777 5092; x_wconf 87' lang='lat' dir='ltr'><strong>dc</strong></span> 
     </span>
     <span class='ocr_line' id='line_1_127' title="bbox 135 5105 1777 5182; baseline 0.004 -28"><span class='ocrx_word' id='word_1_949' title='bbox 135 5113 203 5158; x_wconf 85' lang='lat' dir='ltr'><strong>trees</strong></span> <span class='ocrx_word' id='word_1_950' title='bbox 221 5105 251 5159; x_wconf 90' lang='lat' dir='ltr'><strong>in</strong></span> <span class='ocrx_word' id='word_1_951' title='bbox 277 5106 402 5164; x_wconf 72' lang='lat' dir='ltr'><strong>eruditis</strong></span> <span class='ocrx_word' id='word_1_952' title='bbox 426 5116 454 5163; x_wconf 88' lang='lat' dir='ltr'><strong>et</strong></span> <span class='ocrx_word' id='word_1_953' title='bbox 469 5109 709 5166; x_wconf 88' lang='lat' dir='ltr'><strong>deliberationibus</strong></span> <span class='ocrx_word' id='word_1_954' title='bbox 731 5109 928 5166; x_wconf 84' lang='lat' dir='ltr'><strong>oirtirrebant.r</strong></span> <span class='ocrx_word' id='word_1_955' title='bbox 982 5105 1129 5175; x_wconf 78' lang='lat' dir='ltr'><strong>imprordsu</strong></span> <span class='ocrx_word' id='word_1_956' title='bbox 1142 5108 1210 5162; x_wconf 88' lang='lat' dir='ltr'><strong>tanti</strong></span> <span class='ocrx_word' id='word_1_957' title='bbox 1223 5110 1353 5165; x_wconf 85' lang='lat' dir='ltr'><strong>ntonrenti</strong></span> <span class='ocrx_word' id='word_1_958' title='bbox 1368 5110 1504 5182; x_wconf 75' lang='lat' dir='ltr'><strong>negotium</strong></span> <span class='ocrx_word' id='word_1_959' title='bbox 1518 5110 1700 5181; x_wconf 79' lang='lat' dir='ltr'><strong>peragendum</strong></span> <span class='ocrx_word' id='word_1_960' title='bbox 1713 5123 1777 5162; x_wconf 89' lang='lat' dir='ltr'><strong>cen·</strong></span> 
     </span>
     <span class='ocr_line' id='line_1_128' title="bbox 134 5171 1778 5262; baseline 0.001 -34"><span class='ocrx_word' id='word_1_961' title='bbox 134 5171 217 5238; x_wconf 58' lang='lat' dir='ltr'><strong>&amp;am</strong></span> <span class='ocrx_word' id='word_1_962' title='bbox 237 5189 332 5231; x_wconf 87' lang='lat' dir='ltr'><strong>rerum</strong></span> <span class='ocrx_word' id='word_1_963' title='bbox 348 5178 608 5238; x_wconf 73' lang='lat' dir='ltr'><strong>administrationem</strong></span> <span class='ocrx_word' id='word_1_964' title='bbox 636 5180 770 5262; x_wconf 79' lang='lat' dir='ltr'><strong>principio</strong></span> <span class='ocrx_word' id='word_1_965' title='bbox 788 5182 869 5236; x_wconf 83' lang='lat' dir='ltr'><strong>etiarn</strong></span> <span class='ocrx_word' id='word_1_966' title='bbox 882 5197 932 5236; x_wconf 77' lang='lat' dir='ltr'><strong>sae-</strong></span> <span class='ocrx_word' id='word_1_967' title='bbox 982 5175 1046 5240; x_wconf 88' lang='lat' dir='ltr'><strong>suit,</strong></span> <span class='ocrx_word' id='word_1_968' title='bbox 1070 5185 1100 5230; x_wconf 86' lang='lat' dir='ltr'><strong>nt</strong></span> <span class='ocrx_word' id='word_1_969' title='bbox 1121 5176 1176 5233; x_wconf 86' lang='lat' dir='ltr'><strong>Leo</strong></span> <span class='ocrx_word' id='word_1_970' title='bbox 1195 5177 1249 5244; x_wconf 89' lang='lat' dir='ltr'><strong>lll;</strong></span> <span class='ocrx_word' id='word_1_971' title='bbox 1270 5179 1321 5235; x_wconf 85' lang='lat' dir='ltr'><strong>alia</strong></span> <span class='ocrx_word' id='word_1_972' title='bbox 1336 5181 1409 5237; x_wconf 85' lang='lat' dir='ltr'><strong>eninr</strong></span> <span class='ocrx_word' id='word_1_973' title='bbox 1424 5190 1643 5251; x_wconf 81' lang='lat' dir='ltr'><strong>tenrpotaerant,</strong></span> <span class='ocrx_word' id='word_1_974' title='bbox 1661 5179 1704 5234; x_wconf 88' lang='lat' dir='ltr'><strong>alii</strong></span> <span class='ocrx_word' id='word_1_975' title='bbox 1716 5192 1778 5259; x_wconf 33' lang='grc' dir='ltr'>,ιιιο-</span> 
     </span>
     <span class='ocr_line' id='line_1_129' title="bbox 197 5243 1778 5324; baseline 0.011 -25"><span class='ocrx_word' id='word_1_976' title='bbox 197 5247 345 5315; x_wconf 81' lang='lat' dir='ltr'><strong>sequentis</strong></span> <span class='ocrx_word' id='word_1_977' title='bbox 355 5247 478 5314; x_wconf 82' lang='lat' dir='ltr'><strong>obtinere</strong></span> <span class='ocrx_word' id='word_1_978' title='bbox 490 5257 606 5305; x_wconf 87' lang='lat' dir='ltr'><strong>testator</strong></span> <span class='ocrx_word' id='word_1_979' title='bbox 616 5250 753 5306; x_wconf 80' lang='lat' dir='ltr'><strong>[lemarus</strong></span> <span class='ocrx_word' id='word_1_980' title='bbox 770 5252 841 5321; x_wconf 87' lang='lat' dir='ltr'><strong>apud</strong></span> <span class='ocrx_word' id='word_1_981' title='bbox 853 5251 933 5306; x_wconf 52' lang='lat' dir='ltr'><strong>lieib</strong></span> <span class='ocrx_word' id='word_1_982' title='bbox 982 5261 1037 5302; x_wconf 81' lang='lat' dir='ltr'><strong>res.</strong></span> <span class='ocrx_word' id='word_1_983' title='bbox 1061 5243 1116 5304; x_wconf 87' lang='lat' dir='ltr'><strong>Sed</strong></span> <span class='ocrx_word' id='word_1_984' title='bbox 1137 5263 1186 5318; x_wconf 88' lang='lat' dir='ltr'><strong>per</strong></span> <span class='ocrx_word' id='word_1_985' title='bbox 1206 5249 1308 5321; x_wconf 77' lang='lat' dir='ltr'><strong>legatos</strong></span> <span class='ocrx_word' id='word_1_986' title='bbox 1324 5268 1398 5316; x_wconf 81' lang='lat' dir='ltr'><strong>suos,</strong></span> <span class='ocrx_word' id='word_1_987' title='bbox 1414 5253 1486 5324; x_wconf 80' lang='lat' dir='ltr'><strong>quod</strong></span> <span class='ocrx_word' id='word_1_988' title='bbox 1501 5268 1534 5308; x_wconf 73' lang='lat' dir='ltr'><strong>tt</strong></span> <span class='ocrx_word' id='word_1_989' title='bbox 1548 5249 1778 5319; x_wconf 76' lang='lat' dir='ltr'><strong>ceruseqnentrbus</strong></span> 
     </span>
     <span class='ocr_line' id='line_1_130' title="bbox 133 5313 1777 5400; baseline 0.01 -32"><span class='ocrx_word' id='word_1_990' title='bbox 133 5313 227 5370; x_wconf 79' lang='lat' dir='ltr'><strong>uitium</strong></span> <span class='ocrx_word' id='word_1_991' title='bbox 244 5314 360 5400; x_wconf 67' lang='lat' dir='ltr'><strong>(Serape.</strong></span> <span class='ocrx_word' id='word_1_992' title='bbox 372 5335 423 5374; x_wconf 83' lang='lat' dir='ltr'><strong>rer.</strong></span> <span class='ocrx_word' id='word_1_993' title='bbox 442 5319 555 5374; x_wconf 81' lang='lat' dir='ltr'><strong>linense.</strong></span> <span class='ocrx_word' id='word_1_994' title='bbox 572 5328 637 5374; x_wconf 88' lang='lat' dir='ltr'><strong>torn.</strong></span> <span class='ocrx_word' id='word_1_995' title='bbox 648 5320 668 5387; x_wconf 92' lang='lat' dir='ltr'><strong>l,</strong></span> <span class='ocrx_word' id='word_1_996' title='bbox 681 5335 707 5392; x_wconf 92' lang='lat' dir='ltr'><strong>p.</strong></span> <span class='ocrx_word' id='word_1_997' title='bbox 724 5321 788 5392; x_wconf 81' lang='lat' dir='ltr'><strong>tue)</strong></span> <span class='ocrx_word' id='word_1_998' title='bbox 800 5318 933 5378; x_wconf 90' lang='lat' dir='ltr'><strong>ilenricil</strong></span> <span class='ocrx_word' id='word_1_999' title='bbox 982 5316 1077 5386; x_wconf 82' lang='lat' dir='ltr'><strong>liquet,</strong></span> <span class='ocrx_word' id='word_1_1000' title='bbox 1098 5319 1151 5374; x_wconf 81' lang='lat' dir='ltr'><strong>duo</strong></span> <span class='ocrx_word' id='word_1_1001' title='bbox 1172 5331 1340 5377; x_wconf 80' lang='lat' dir='ltr'><strong>sacramente</strong></span> <span class='ocrx_word' id='word_1_1002' title='bbox 1363 5323 1503 5394; x_wconf 88' lang='lat' dir='ltr'><strong>pmposuit</strong></span> <span class='ocrx_word' id='word_1_1003' title='bbox 1518 5338 1616 5392; x_wconf 73' lang='lat' dir='ltr'><strong>magno</strong></span> <span class='ocrx_word' id='word_1_1004' title='bbox 1628 5320 1695 5389; x_wconf 71' lang='lat' dir='ltr'><strong>resi,</strong></span> <span class='ocrx_word' id='word_1_1005' title='bbox 1709 5332 1777 5387; x_wconf 90' lang='lat' dir='ltr'><strong>quo-</strong></span> 
     </span>
    </p>
   </div>
   <div class='ocr_carea' id='block_1_20' title="bbox 41 5387 1779 5465">
    <p class='ocr_par' dir='ltr' id='par_1_30' title="bbox 41 5387 1779 5465">
     <span class='ocr_line' id='line_1_131' title="bbox 41 5387 1779 5465; baseline 0.002 -26"><span class='ocrx_word' id='word_1_1006' title='bbox 41 5409 42 5412; x_wconf 38' lang='lat'><em>*</em></span> <span class='ocrx_word' id='word_1_1007' title='bbox 134 5394 342 5441; x_wconf 74' lang='lat' dir='ltr'><strong>coronationem</strong></span> <span class='ocrx_word' id='word_1_1008' title='bbox 361 5402 513 5445; x_wconf 85' lang='lat' dir='ltr'><strong>enarrans:</strong></span> <span class='ocrx_word' id='word_1_1009' title='bbox 532 5410 542 5442; x_wconf 87' lang='lat' dir='ltr'><strong>r</strong></span> <span class='ocrx_word' id='word_1_1010' title='bbox 561 5392 688 5447; x_wconf 83' lang='lat' dir='ltr'><strong>Decursis</strong></span> <span class='ocrx_word' id='word_1_1011' title='bbox 703 5408 718 5446; x_wconf 88' lang='lat' dir='ltr'><strong>a</strong></span> <span class='ocrx_word' id='word_1_1012' title='bbox 733 5391 810 5448; x_wconf 85' lang='lat' dir='ltr'><strong>Dora.</strong></span> <span class='ocrx_word' id='word_1_1013' title='bbox 824 5392 931 5448; x_wconf 87' lang='lat' dir='ltr'><strong>incarn.</strong></span> <span class='ocrx_word' id='word_1_1014' title='bbox 983 5404 1044 5442; x_wconf 86' lang='lat' dir='ltr'><strong>runt</strong></span> <span class='ocrx_word' id='word_1_1015' title='bbox 1064 5387 1178 5445; x_wconf 90' lang='lat' dir='ltr'><strong>alterum</strong></span> <span class='ocrx_word' id='word_1_1016' title='bbox 1193 5392 1324 5459; x_wconf 81' lang='lat' dir='ltr'><strong>pontifici,</strong></span> <span class='ocrx_word' id='word_1_1017' title='bbox 1337 5394 1434 5465; x_wconf 91' lang='lat' dir='ltr'><strong>populo</strong></span> <span class='ocrx_word' id='word_1_1018' title='bbox 1447 5394 1570 5450; x_wconf 83' lang='lat' dir='ltr'><strong>Romano</strong></span> <span class='ocrx_word' id='word_1_1019' title='bbox 1582 5391 1696 5446; x_wconf 89' lang='lat' dir='ltr'><strong>alterum</strong></span> <span class='ocrx_word' id='word_1_1020' title='bbox 1708 5403 1779 5459; x_wconf 77' lang='lat' dir='ltr'><strong>prae-</strong></span> 
     </span>
    </p>
   </div>
   <div class='ocr_carea' id='block_1_21' title="bbox 132 5456 1782 5818">
    <p class='ocr_par' dir='ltr' id='par_1_31' title="bbox 132 5456 1782 5818">
     <span class='ocr_line' id='line_1_132' title="bbox 134 5456 1777 5535; baseline 0.001 -26"><span class='ocrx_word' id='word_1_1021' title='bbox 134 5463 191 5523; x_wconf 83' lang='lat' dir='ltr'><strong>pust</strong></span> <span class='ocrx_word' id='word_1_1022' title='bbox 205 5456 356 5512; x_wconf 86' lang='lat' dir='ltr'><strong>millenarii</strong></span> <span class='ocrx_word' id='word_1_1023' title='bbox 372 5460 566 5528; x_wconf 88' lang='lat' dir='ltr'><strong>plenitudinem</strong></span> <span class='ocrx_word' id='word_1_1024' title='bbox 583 5463 686 5520; x_wconf 81' lang='lat' dir='ltr'><strong>numeri</strong></span> <span class='ocrx_word' id='word_1_1025' title='bbox 700 5463 779 5518; x_wconf 87' lang='lat' dir='ltr'><strong>annis</strong></span> <span class='ocrx_word' id='word_1_1026' title='bbox 791 5463 933 5527; x_wconf 85' lang='lat' dir='ltr'><strong>tredecim,</strong></span> <span class='ocrx_word' id='word_1_1027' title='bbox 983 5459 1110 5513; x_wconf 89' lang='lat' dir='ltr'><strong>standum</strong></span> <span class='ocrx_word' id='word_1_1028' title='bbox 1125 5460 1305 5526; x_wconf 74' lang='lat' dir='ltr'><strong>attinuerat,</strong></span> <span class='ocrx_word' id='word_1_1029' title='bbox 1328 5473 1474 5535; x_wconf 89' lang='lat' dir='ltr'><strong>antequam</strong></span> <span class='ocrx_word' id='word_1_1030' title='bbox 1495 5463 1633 5534; x_wconf 87' lang='lat' dir='ltr'><strong>imperiale</strong></span> <span class='ocrx_word' id='word_1_1031' title='bbox 1653 5460 1777 5516; x_wconf 89' lang='lat' dir='ltr'><strong>diadema</strong></span> 
     </span>
     <span class='ocr_line' id='line_1_133' title="bbox 132 5526 1777 5605; baseline 0.005 -28"><span class='ocrx_word' id='word_1_1032' title='bbox 132 5533 158 5578; x_wconf 88' lang='lat' dir='ltr'><strong>et</strong></span> <span class='ocrx_word' id='word_1_1033' title='bbox 169 5526 197 5579; x_wconf 90' lang='lat' dir='ltr'><strong>in</strong></span> <span class='ocrx_word' id='word_1_1034' title='bbox 217 5527 415 5596; x_wconf 86' lang='lat' dir='ltr'><strong>subsequentis</strong></span> <span class='ocrx_word' id='word_1_1035' title='bbox 427 5533 490 5586; x_wconf 90' lang='lat' dir='ltr'><strong>anni</strong></span> <span class='ocrx_word' id='word_1_1036' title='bbox 510 5532 628 5587; x_wconf 81' lang='lat' dir='ltr'><strong>securmo</strong></span> <span class='ocrx_word' id='word_1_1037' title='bbox 647 5548 750 5598; x_wconf 87' lang='lat' dir='ltr'><strong>mense,</strong></span> <span class='ocrx_word' id='word_1_1038' title='bbox 776 5549 809 5590; x_wconf 89' lang='lat' dir='ltr'><strong>ac</strong></span> <span class='ocrx_word' id='word_1_1039' title='bbox 833 5532 934 5590; x_wconf 67' lang='lat' dir='ltr'><strong>aetite</strong></span> <span class='ocrx_word' id='word_1_1040' title='bbox 983 5528 1151 5598; x_wconf 87' lang='lat' dir='ltr'><strong>srrsciperet;</strong></span> <span class='ocrx_word' id='word_1_1041' title='bbox 1178 5532 1217 5587; x_wconf 89' lang='lat' dir='ltr'><strong>ita</strong></span> <span class='ocrx_word' id='word_1_1042' title='bbox 1241 5541 1347 5596; x_wconf 80' lang='lat' dir='ltr'><strong>mmcd,</strong></span> <span class='ocrx_word' id='word_1_1043' title='bbox 1376 5544 1408 5590; x_wconf 88' lang='lat' dir='ltr'><strong>ut</strong></span> <span class='ocrx_word' id='word_1_1044' title='bbox 1431 5534 1551 5605; x_wconf 85' lang='lat' dir='ltr'><strong>pontifici</strong></span> <span class='ocrx_word' id='word_1_1045' title='bbox 1576 5535 1777 5598; x_wconf 86' lang='lat' dir='ltr'><strong>sacramentnm</strong></span> 
     </span>
     <span class='ocr_line' id='line_1_134' title="bbox 133 5596 1780 5676; baseline 0.007 -28"><span class='ocrx_word' id='word_1_1046' title='bbox 133 5596 210 5649; x_wconf 80' lang='lat' dir='ltr'><strong>maela</strong></span> <span class='ocrx_word' id='word_1_1047' title='bbox 225 5597 324 5666; x_wconf 82' lang='lat' dir='ltr'><strong>tertia,</strong></span> <span class='ocrx_word' id='word_1_1048' title='bbox 337 5613 408 5655; x_wconf 85' lang='lat' dir='ltr'><strong>anno</strong></span> <span class='ocrx_word' id='word_1_1049' title='bbox 421 5610 511 5657; x_wconf 88' lang='lat' dir='ltr'><strong>autern</strong></span> <span class='ocrx_word' id='word_1_1050' title='bbox 530 5619 559 5657; x_wconf 91' lang='lat' dir='ltr'><strong>re</strong></span> <span class='ocrx_word' id='word_1_1051' title='bbox 579 5603 606 5658; x_wconf 92' lang='lat' dir='ltr'><strong>ni</strong></span> <span class='ocrx_word' id='word_1_1052' title='bbox 619 5601 678 5672; x_wconf 86' lang='lat' dir='ltr'><strong>ejus</strong></span> <span class='ocrx_word' id='word_1_1053' title='bbox 697 5604 893 5666; x_wconf 86' lang='lat' dir='ltr'><strong>tertiodecimo,</strong></span> <span class='ocrx_word' id='word_1_1054' title='bbox 906 5612 934 5658; x_wconf 91' lang='lat' dir='ltr'><strong>et</strong></span> <span class='ocrx_word' id='word_1_1055' title='bbox 983 5600 1086 5654; x_wconf 79' lang='lat' dir='ltr'><strong>taceret</strong></span> <span class='ocrx_word' id='word_1_1056' title='bbox 1107 5615 1157 5670; x_wconf 91' lang='lat' dir='ltr'><strong>per</strong></span> <span class='ocrx_word' id='word_1_1057' title='bbox 1173 5618 1239 5658; x_wconf 88' lang='lat' dir='ltr'><strong>sues</strong></span> <span class='ocrx_word' id='word_1_1058' title='bbox 1252 5604 1372 5670; x_wconf 87' lang='lat' dir='ltr'><strong>nuntios,</strong></span> <span class='ocrx_word' id='word_1_1059' title='bbox 1396 5613 1542 5676; x_wconf 67' lang='lat' dir='ltr'><strong>tamquam</strong></span> <span class='ocrx_word' id='word_1_1060' title='bbox 1561 5603 1780 5675; x_wconf 77' lang='lat' dir='ltr'><strong>proficisceretur</strong></span> 
     </span>
     <span class='ocr_line' id='line_1_135' title="bbox 132 5619 1780 5757; baseline 0.004 -35"><span class='ocrx_word' id='word_1_1061' title='bbox 132 5661 174 5744; x_wconf 75' lang='lat' dir='ltr'><strong>dle</strong></span> <span class='ocrx_word' id='word_1_1062' title='bbox 188 5665 271 5722; x_wconf 78' lang='lat' dir='ltr'><strong>born.</strong></span> <span class='ocrx_word' id='word_1_1063' title='bbox 291 5682 325 5723; x_wconf 90' lang='lat' dir='ltr'><strong>ac</strong></span> <span class='ocrx_word' id='word_1_1064' title='bbox 336 5686 363 5726; x_wconf 88' lang='lat' dir='ltr'><strong>rr</strong></span> <span class='ocrx_word' id='word_1_1065' title='bbox 381 5667 439 5727; x_wconf 87' lang='lat' dir='ltr'><strong>lial.</strong></span> <span class='ocrx_word' id='word_1_1066' title='bbox 464 5672 543 5728; x_wconf 84' lang='lat' dir='ltr'><strong>biart.</strong></span> <span class='ocrx_word' id='word_1_1067' title='bbox 560 5619 692 5730; x_wconf 58' lang='lat' dir='ltr'><strong>llerrrieus</strong></span> <span class='ocrx_word' id='word_1_1068' title='bbox 715 5675 763 5730; x_wconf 85' lang='lat' dir='ltr'><strong>Dei</strong></span> <span class='ocrx_word' id='word_1_1069' title='bbox 783 5674 933 5748; x_wconf 74' lang='lat' dir='ltr'><strong>gratiarex</strong></span> <span class='ocrx_word' id='word_1_1070' title='bbox 983 5668 1098 5724; x_wconf 80' lang='lat' dir='ltr'><strong>Romam</strong></span> <span class='ocrx_word' id='word_1_1071' title='bbox 1111 5687 1215 5739; x_wconf 82' lang='lat' dir='ltr'><strong>versus,</strong></span> <span class='ocrx_word' id='word_1_1072' title='bbox 1233 5674 1303 5743; x_wconf 90' lang='lat' dir='ltr'><strong>quod</strong></span> <span class='ocrx_word' id='word_1_1073' title='bbox 1313 5681 1406 5745; x_wconf 87' lang='lat' dir='ltr'><strong>postea</strong></span> <span class='ocrx_word' id='word_1_1074' title='bbox 1418 5689 1507 5744; x_wconf 86' lang='lat' dir='ltr'><strong>perse</strong></span> <span class='ocrx_word' id='word_1_1075' title='bbox 1518 5676 1585 5745; x_wconf 88' lang='lat' dir='ltr'><strong>ipse,</strong></span> <span class='ocrx_word' id='word_1_1076' title='bbox 1600 5685 1631 5731; x_wconf 89' lang='lat' dir='ltr'><strong>ut</strong></span> <span class='ocrx_word' id='word_1_1077' title='bbox 1643 5674 1780 5757; x_wconf 69' lang='lat' dir='ltr'><strong>colligitur</strong></span> 
     </span>
     <span class='ocr_line' id='line_1_136' title="bbox 133 5733 1782 5818; baseline 0.003 -19"><span class='ocrx_word' id='word_1_1078' title='bbox 133 5733 288 5808; x_wconf 64' lang='lat' dir='ltr'><strong>indutam</strong></span> <span class='ocrx_word' id='word_1_1079' title='bbox 312 5743 483 5806; x_wconf 81' lang='lat' dir='ltr'><strong>senatoribus</strong></span> <span class='ocrx_word' id='word_1_1080' title='bbox 505 5742 648 5804; x_wconf 87' lang='lat' dir='ltr'><strong>duodecim</strong></span> <span class='ocrx_word' id='word_1_1081' title='bbox 667 5744 798 5814; x_wconf 81' lang='lat' dir='ltr'><strong>uallatus,</strong></span> <span class='ocrx_word' id='word_1_1082' title='bbox 818 5759 934 5818; x_wconf 86' lang='lat' dir='ltr'><strong>qnorum</strong></span> <span class='ocrx_word' id='word_1_1083' title='bbox 983 5756 1017 5796; x_wconf 81' lang='lat' dir='ltr'><strong>et</strong></span> <span class='ocrx_word' id='word_1_1084' title='bbox 1033 5756 1110 5798; x_wconf 87' lang='lat' dir='ltr'><strong>ruore</strong></span> <span class='ocrx_word' id='word_1_1085' title='bbox 1123 5758 1328 5812; x_wconf 84' lang='lat' dir='ltr'><strong>suceessorum,</strong></span> <span class='ocrx_word' id='word_1_1086' title='bbox 1354 5745 1381 5802; x_wconf 90' lang='lat' dir='ltr'><strong>iu</strong></span> <span class='ocrx_word' id='word_1_1087' title='bbox 1401 5745 1575 5807; x_wconf 82' lang='lat' dir='ltr'><strong>solemnitate</strong></span> <span class='ocrx_word' id='word_1_1088' title='bbox 1596 5755 1782 5808; x_wconf 80' lang='lat' dir='ltr'><strong>uurnrauorns</strong></span> 
     </span>
    </p>
   </div>
   <div class='ocr_carea' id='block_1_22' title="bbox 0 0 2039 6192">
    <p class='ocr_par' dir='ltr' id='par_1_32' title="bbox 0 0 2039 6192">
     <span class='ocr_line' id='line_1_137' title="bbox 0 0 2039 6192; baseline 0 0"><span class='ocrx_word' id='word_1_1089' title='bbox 0 0 2039 6192; x_wconf 95' lang='lat' dir='ltr'><strong> </strong></span> 
     </span>
    </p>
   </div>
  </div>
 </body>
</html>
