4050 6192
194 266 270 330 liii

192 378 430 442 calumniandum,
448 389 508 447 quai
521 374 585 430 olim
600 372 733 428 idolorum

544 257 633 318 [tutti
652 251 824 316 GhROlJNl.
844 285 878 295 -
897 245 1044 307 APPEND.
1063 277 1097 287 -
1117 238 1324 312 coutentes
1342 235 1453 293 Pattts.

758 366 872 424 culturis
893 357 1112 422 arcu-nntius
1136 373 1143 410 ε
1171 373 1179 404 1
1208 352 1395 407 indumentum
1423 342 1561 428 imperiale
1585 342 1607 396 si
1634 338 1819 425 injuriaverit,

1752 232 1819 292 1516

192 453 295 510 inantia
309 447 534 520 proianantur,et
559 441 693 499 idolorum
715 440 821 495 cultura
844 435 980 491 ascribere
1030 441 1120 485 nonne
1142 439 1205 480 euni
1227 421 1275 491 qui
1293 418 1414 473 induitur
1432 414 1562 484 iniurias?
1589 411 1693 478 Nescia,
1712 415 1775 484 quia
1797 418 1820 471 si

192 521 322 579 Ecclesiae
345 526 445 574 nostrae
469 517 502 572 de
526 512 725 570 reaembtttbus
747 507 910 584 imaginibus
941 503 982 558 di·

195 593 265 646 riiiis
276 600 304 645 et
318 587 486 645 mirabilibus
495 586 529 640 ad
541 583 651 638 meliora
662 579 773 637 directis
785 577 980 655 existimemus,

194 662 260 719 nihil
275 656 347 714 aliud
361 665 407 712 aut
422 670 516 711 canem
530 655 683 714 latrantem,
696 657 725 705 et
741 664 774 703 ac
798 647 839 703 sui
864 643 982 725 infundi-

194 733 259 788 bula
272 728 365 802 procul
379 726 540 795 ejicientem,
552 722 642 777 audiat
652 717 856 781 sicutliidaeus,
878 725 983 768 utinam

194 809 276 864 essct,
291 808 318 853 et
330 797 412 853 lsrael
424 811 471 866 per
490 792 635 849 visibilium
659 804 739 860 quam
765 788 908 856 deputatus
920 791 981 845 est,

195 870 294 927 offerre
307 867 522 922 emunctorium
535 871 561 919 ct
574 877 622 931 per
644 857 765 929 exempla
787 854 931 912 memorari
945 851 984 906 ia-

196 951 309 1001 ctorem,
322 946 350 991 et
361 951 415 992 non
428 934 539 989 uitulum
554 940 646 987 tencre
655 939 684 986 et
695 942 803 983 muscas
814 939 895 995 super
908 924 984 980 tabu-

195 1010 236 1066 las
250 1007 412 1070 testamenti,
427 1004 529 1059 auriam
552 1009 674 1056 sanctum
688 1000 772 1053 altare
793 996 915 1066 diligeret
927 1001 985 1074 ,ει

196 1097 250 1136 non
261 1078 360 1133 ritulas
374 1074 514 1131 Samariae.
534 1073 636 1127 Bonum
649 1069 687 1125 illi
712 1075 784 1124 esset
795 1065 875 1121 sinnii
893 1073 920 1120 et
940 1079 984 1132 in-

196 1160 267 1205 stum
281 1147 447 1203 mrissimam
459 1143 576 1198 divinant
587 1148 690 1211 petram
705 1138 876 1207 amplectere,
892 1142 919 1188 et
930 1149 982 1188 non

196 1219 268 1282 Beel,
280 1218 384 1272 utinam
396 1221 467 1269 esset
478 1212 518 1267 illi
538 1211 573 1266 ad
585 1211 687 1281 virgam
708 1207 791 1278 hioysi
807 1207 892 1276 niagis
913 1204 985 1272 aspi·

197 1304 268 1350 cere,
277 1287 444 1343 etadurnam
459 1289 614 1347 auream,ct
624 1287 759 1343 aream,et
767 1274 982 1347 propitiatorium

196 1358 344 1414 Lamminae
358 1353 458 1426 Ephod,
470 1366 602 1415 mensam,
618 1349 819 1404 tabernaculum
835 1344 948 1400 interius
957 1353 985 1397 et

197 1428 327 1491 exterius,
339 1440 400 1495 quae
409 1423 499 1478 omnia
509 1421 536 1476 in
547 1421 658 1492 gloriam
672 1416 742 1473 lacta
753 1417 799 1471 Dei
810 1424 838 1469 et
850 1416 872 1470 si
889 1429 984 1469 manu·

197 1497 279 1562 iacta,
293 1496 340 1552 sed
358 1510 401 1550 ma
421 1493 444 1548 is
456 1500 548 1547 sanem
574 1499 726 1546 sauctorum
753 1486 929 1561 dicebamur,
956 1491 985 1540 et

198 1566 334 1623 Cherubin
356 1511 469 1633 scnfpta,
504 1576 599 1616 uorum
614 1557 772 1613 memoriam
798 1554 898 1609 iaciens
911 1554 983 1624 Apo-

198 1636 283 1693 stolus
302 1635 398 1758 inffm'
409 1576 540 1687 1111111111
553 1629 644 1701 glorie
674 1625 848 1680 obumbrantis
859 1625 985 1695 propitiu-

198 1708 294 1761 torinm
309 1707 318 1777 i
348 1704 402 1758 chr.
418 1703 474 1772 ii),
485 1700 582 1770 quibus
595 1706 623 1753 et
644 1697 734 1753 divina
749 1697 866 1766 vegetari
879 1694 984 1765 gloria,
1003 1705 1026 1768 ῃ

198 1786 227 1832 et
240 1775 382 1845 Scriptura
395 1773 532 1836 docemur,
548 1768 573 1824 si
597 1768 658 1824 istis
671 1766 832 1828 attenderet,
849 1778 987 1835 nunquam

199 1846 278 1902 idolis
290 1845 474 1900 inclinaretur·
493 1838 578 1896 Omne
598 1838 671 1894 enim
694 1851 762 1906 opus
776 1835 802 1890 iu
816 1834 924 1890 nomine
938 1833 990 1888 llo

200 1916 267 1972 mini
280 1914 381 1970 lactum
394 1911 541 1984 pretiosum
551 1917 578 1964 et
591 1915 715 1965 sanetum
725 1906 826 1961 dictum
842 1913 892 1971 est,
904 1914 957 1959 ete.
977 1923 986 1956 i

291 2025 358 2081 licat
371 2022 491 2095 Gregorii
509 2038 584 2094 pepe
596 2020 624 2074 iu
639 2017 771 2090 sparuna
785 2018 903 2089 epistole

238 2133 249 2168 r
261 2114 290 2171 Si
304 2112 440 2169 contraria
451 2110 628 2167 sentientibus
638 2116 665 2164 ct
679 2106 755 2162 irrita
769 2105 857 2162 lacere
866 2121 990 2177 quaren-

201 2186 272 2242 tibus
285 2183 410 2254 antiquas
429 2192 535 2254 patrum
558 2179 717 2235 traditiones
729 2178 825 2233 salutis
836 2182 991 2232 occurreret

201 2255 351 2320 conversio,
367 2251 520 2308 sufficerent
533 2249 625 2320 utique
648 2264 691 2314 ea,
704 2262 764 2318 quae
783 2248 930 2317 superiusa
946 2262 992 2301 no

201 2327 243 2382 bis
255 2341 289 2381 ex
302 2332 409 2394 patrum
422 2320 584 2378 testimoniis
604 2317 645 2375 rel
669 2318 755 2374 saeris
769 2317 843 2374 dien
870 2325 934 2372 sunt
945 2317 992 2372 do·

201 2396 343 2451 cumensis.
358 2393 410 2448 Sed
426 2392 488 2461 quia
507 2391 646 2453 ridemus,
672 2388 744 2459 quod
766 2395 911 2443 moerciites
924 2386 991 2442 dici-

201 2481 271 2530 mus,
284 2466 426 2534 plemsque
445 2460 560 2517 turbatis
573 2458 709 2516 mentibus
719 2465 819 2514 statuta
830 2457 993 2513 conturbare

201 2534 338 2599 Ecclesiae,
354 2534 422 2595 ideo,
436 2529 535 2585 iratres
548 2529 710 2594 charissimi,
725 2528 879 2582 extenditur
892 2542 992 2591 sermo,

202 2614 231 2660 et
240 2606 363 2674 cupimus
373 2602 405 2657 ad
414 2601 634 2671 compescendam
648 2600 750 2655 erroris
763 2598 894 2653 insaniam
905 2597 994 2652 adhuc

203 2671 565 2740 Ι1111111111(1111111111
586 2669 687 2738 ahquid
701 2669 811 2733 dicere,
836 2668 925 2722 forsan
952 2683 994 2720 re-

203 2745 334 2815 sipiscant
348 2743 471 2813 inquieti.
490 2740 519 2794 ln
533 2740 602 2795 lihro
625 2739 697 2794 enirn
712 2738 797 2793 Exodi
811 2738 851 2793 sic
868 2735 1002 2808 legimus:

203 2814 318 2869 Locutus
343 2823 380 2868 est
403 2812 530 2866 Dominus
554 2809 589 2863 ud
611 2808 727 2878 Mopsum
754 2806 996 2887 dicemtboquere

203 2884 267 2954 pitis
281 2881 384 2947 lsrael,
400 2891 428 2936 ut
452 2880 544 2935 tollent
569 2878 632 2933 mihi
648 2879 777 2949 primitius
799 2877 831 2930 ab
855 2892 926 2930 1111
946 2875 995 2929 iio·

204 2970 231 3007 nr
243 2971 285 3020 ne,
295 2954 340 3025 qui
353 2954 429 3023 offert
442 2950 593 3014 ultronena;
605 2948 796 3019 ccmpiuiseea.
805 2945 870 3001 llice
880 2955 996 3000 11111111-

204 3035 267 3088 tem,
280 3040 339 3094 qne
353 3022 470 3093 accipere
485 3020 630 3082 detruncet
645 3025 742 3073 caetera
752 3032 802 3087 per
814 3016 937 3072 ordinem
950 3030 996 3071 us·

204 3107 258 3162 qne
271 3093 305 3148 ad
318 3090 433 3147 duorum
447 3088 597 3152 cherubim,
604 3089 654 3211 gui
666 3097 742 3141 errent
755 3102 832 3158 super
846 3100 935 3140 arcum
955 3095 995 3139 te-

205 3163 341 3228 stimonii,
368 3171 512 3231 cuncteque
541 3176 603 3212 mun
623 3158 672 3212 ebo
701 3174 748 3228 per
772 3168 797 3211 te
821 3156 885 3226 filiis
911 3154 998 3210 larue!

205 3231 305 3304 (deod.
319 3230 383 3302 arr)
396 3247 404 3296 ;
419 3230 576 3285 etiterum:
592 3227 717 3283 hiandato
740 3228 788 3283 Ilei
811 3242 826 3281 a
854 3225 998 3281 Salomone

205 3309 364 3355 constructo
386 3299 503 3368 templo,
526 3298 598 3352 inter
611 3297 661 3352 alia
683 3296 747 3354 lecit
762 3300 789 3353 in
811 3297 921 3352 oraculo
945 3295 998 3353 duo

1031 499 1092 569 quis
1107 495 1251 566 imaginem
1264 487 1435 559 imperatoris
1453 483 1574 553 injuriat,
1597 484 1631 536 ad
1650 498 1712 538 euni
1731 485 1820 553 ipsum

1032 569 1223 637 honoratorem
1236 558 1420 631 principaliter
1440 554 1563 624 dignitati
1578 551 1636 622 rjus
1654 553 1731 608 aliert
1752 555 1822 624 iniu-

1032 636 1117 692 riam?
1133 633 1235 696 Nescis,
1248 630 1310 700 qnia
1328 630 1350 683 si
1366 628 1427 697 quis
1439 625 1583 694 imaginem
1600 638 1633 677 ex
1646 623 1719 693 ligno
1731 621 1778 680 iut
1789 642 1822 682 ex

1032 707 1123 763 colore
1135 703 1261 768 detrahit,
1283 716 1336 753 uon
1350 700 1419 753 sieut
1435 697 1468 752 ad
1488 694 1650 749 elementum
1663 695 1722 749 sine
1733 695 1823 751 anima

1033 793 1116 832 ausus
1131 773 1278 842 judicatur,
1309 769 1355 824 sed
1379 768 1450 822 sicut
1479 766 1607 820 adversus
1631 765 1822 835 imperatorem

1034 847 1213 927 disgregatam
1233 840 1377 909 imaginem
1393 836 1505 891 totidem
1524 836 1695 904 iiiipeiatoiis
1713 844 1824 905 gestans

1034 914 1228 986 ejiisinptriam
1245 911 1279 966 ad
1300 910 1490 977 imperatorem
1514 906 1634 961 deducit.
1652 925 1660 957 1

1070 985 1162 1041 Sancti
1176 981 1266 1037 Basilii
1282 995 1314 1035 ex
1330 979 1398 1032 libro
1413 978 1447 1032 ad
1464 974 1692 1044 Amphilochium,
1706 976 1740 1030 de
1761 975 1824 1047 Spi-

1035 1057 1089 1112 ritu
1102 1062 1207 1119 saneto,
1229 1053 1257 1108 in
1278 1049 1395 1119 capitulo
1408 1048 1462 1101 l'l:
1490 1062 1500 1095 r
1524 1044 1657 1111 0111111111
1680 1047 1826 1115 imperator

1035 1127 1185 1188 ilicitanae
1203 1119 1374 1192 imperatoris
1388 1118 1485 1187 imago,
1504 1123 1532 1171 et
1547 1131 1601 1170 non
1615 1114 1669 1171 duo
1681 1117 1826 1185 imperato·

1034 1212 1088 1252 res.
1112 1195 1204 1264 Neque
1222 1191 1294 1247 enirn
1315 1188 1446 1245 fortitudo
1468 1187 1609 1251 scinditur,
1634 1202 1722 1255 neque
1742 1186 1825 1256 gloria

1034 1267 1172 1321 dividitur.
1186 1263 1263 1318 Sicut
1275 1261 1348 1315 enirn
1362 1273 1422 1328 quie
1436 1264 1544 1313 tenetur
1556 1266 1648 1311 noster
1659 1257 1827 1380 principatus

1034 1344 1062 1392 et
1074 1343 1195 1407 potestas
1208 1347 1271 1397 iiiia,
1287 1331 1327 1385 sic
1338 1337 1366 1383 et
1376 1344 1436 1398 quae
1449 1342 1513 1398 erga
1523 1342 1573 1381 nos
1588 1325 1655 1397 glori
1677 1328 1749 1381 catio
1763 1343 1826 1390 una,

1035 1416 1061 1461 et
1074 1421 1127 1462 iioii
1143 1404 1245 1466 inultae,
1264 1400 1391 1470 quoniam
1410 1397 1536 1468 imaginis
1555 1397 1694 1452 honored
1712 1397 1827 1466 priiiiani

1035 1477 1150 1532 lerinam
1164 1471 1272 1528 transit.
1291 1490 1300 1521 i

1064 1547 1129 1602 licio
1143 1542 1228 1599 saneti
1235 1537 1325 1596 Basilii
1334 1539 1360 1593 in
1371 1534 1483 1607 epistola
1491 1534 1524 1589 ad
1540 1534 1828 1606 lulianumimpcrato·

1037 1633 1094 1672 rein
1113 1615 1218 1671 missa:
1240 1629 1250 1662 r
1269 1610 1424 1665 Secundum
1443 1606 1480 1672 id,
1500 1604 1571 1675 quod
1589 1606 1718 1660 dtitntnis
1739 1608 1829 1663 datam

1039 1686 1256 1746 haredtariam,
1279 1678 1359 1735 nobis
1383 1675 1584 1733 immaculatam
1615 1675 1830 1735 Christianorum

1040 1758 1120 1813 iidem
1134 1753 1266 1810 eonhteor
1283 1759 1311 1805 et
1325 1747 1466 1820 promitto.
1486 1747 1573 1802 Credo
1595 1745 1622 1800 in
1641 1762 1724 1802 uuum
1746 1747 1831 1805 Deum

1039 1827 1145 1883 Patrem
1156 1824 1378 1893 omnipotentem,
1393 1819 1477 1873 licum
1491 1816 1608 1880 Patrem,
1625 1816 1709 1871 heum
1720 1817 1829 1885 Filium,

1040 1898 1124 1954 neon
1153 1893 1283 1966 Spiritum
1307 1897 1442 1954 sanetum,
1465 1902 1549 1941 unum
1579 1887 1673 1948 Deum,
1699 1888 1756 1943 lere
1779 1891 1831 1944 tria

1040 1968 1124 2023 adoro
1140 1975 1167 2022 et
1178 1962 1309 2046 glorifico.
1328 1959 1465 2015 tloniiteor
1479 1965 1570 2011 antem
1585 1965 1612 2012 ct
1625 1956 1684 2011 Filii
1698 1958 1831 2015 incarnati

1041 2039 1279 2108 dispensationem,
1304 2039 1331 2086 ct
1347 2029 1394 2085 hei
1411 2028 1581 2099 genitricem,
1607 2041 1666 2096 qum
1683 2031 1832 2085 seeundum

1041 2123 1152 2164 earnem
1165 2120 1226 2160 cuni
1242 2101 1344 2171 genuit,
1358 2108 1478 2155 sanctam
1496 2095 1623 2165 ilariani3
1640 2099 1758 2168 suscipio
1768 2114 1833 2154 uero

1041 2187 1069 2235 et
1087 2183 1195 2233 sanctos
1208 2172 1355 2243 apostolos,
1373 2170 1529 2240 prophetas,
1542 2176 1569 2222 ct
1585 2175 1728 2238 martyres,
1752 2179 1780 2224 et.
1799 2171 1832 2224 ad

1043 2249 1127 2304 henin
1143 2241 1370 2315 deprecationem,
1385 2255 1445 2308 quie
1456 2253 1505 2309 per
1521 2253 1568 2296 cos
1581 2238 1696 2309 (seilicet
1711 2239 1764 2295 iths
1776 2257 1835 2294 nie-1

1043 2317 1190 2386 diantibus)
1203 2313 1406 2385 propitiatorem
1424 2310 1491 2364 mihi
1512 2307 1593 2364 eflicit
1610 2309 1834 2366 misericordissi-

1043 2403 1117 2444 mum
1130 2388 1223 2449 heum,
1237 2392 1264 2438 ct
1280 2380 1466 2437 remissionem
1486 2379 1551 2434 mihi
1567 2379 1718 2435 laciiioiuin
1735 2383 1836 2437 corido-

1043 2458 1114 2524 nari,
1129 2470 1179 2527 pro
1196 2470 1250 2525 quo
1268 2461 1296 2510 ct
1307 2459 1409 2524 hgnras
1421 2449 1568 2519 imaginum
1584 2464 1678 2504 corum
1697 2451 1836 2508 hoiioroet

1044 2530 1136 2592 adoro,
1157 2524 1311 2596 specialiter
1323 2524 1376 2578 hoe
1398 2520 1527 2575 traditum
1540 2527 1595 2574 tani
1617 2523 1751 2577 asanctis
1772 2538 1835 2589 apo

1045 2597 1122 2654 stolis
1136 2605 1164 2652 et
1176 2610 1230 2651 non
1245 2593 1421 2665 prohibitum,
1446 2591 1494 2645 sed
1518 2590 1545 2644 in
1565 2589 1692 2647 omnihus
1714 2585 1838 2650 eeclesiis

1045 2668 1259 2731 nostriseoruin
1272 2663 1446 2732 designantes
1460 2660 1613 2716 historiam.
1630 2680 1640 2714 i

1080 2737 1147 2793 item
1178 2737 1235 2806 ipse
1266 2735 1294 2790 in
1324 2746 1450 2788 sermone
1472 2739 1627 2786 sanctorum
1658 2732 1836 2805 quadraginta

1045 2815 1216 2879 martyrum:
1240 2824 1250 2858 1
1277 2802 1346 2859 Nam
1362 2809 1391 2857 et
1408 2800 1542 2858 bellonim
1567 2802 1728 2870 triumphus,
1747 2819 1779 2858 ae
1796 2806 1834 2858 ri-

1045 2878 1150 2944 ctorim,
1162 2884 1188 2931 ct
1205 2889 1361 2932 sermonum
1372 2871 1572 2941 conscriptores
1587 2872 1745 2928 multotiens
1762 2883 1789 2930 ct
1800 2874 1839 2944 pi-

1047 2957 1138 3004 ctores
1155 2947 1319 3018 significant,
1331 2943 1442 3014 quidam
1456 2950 1547 2996 autem
1559 2942 1642 2997 rerho
1663 2944 1838 3006 adornantes,

1048 3018 1157 3091 quidam
1168 3033 1232 3072 rere
1250 3014 1349 3071 tabulis
1361 3012 1563 3084 praesignantes,
1575 3020 1603 3067 et
1615 3012 1715 3068 multos
1726 3022 1840 3084 uterque

1047 3090 1082 3145 ad
1099 3087 1255 3143 uirilitatem
1270 3090 1459 3142 exercuerunt.
1474 3080 1539 3149 Qun
1552 3083 1624 3136 enim
1643 3097 1733 3139 senno
1751 3085 1839 3140 histo-

1048 3159 1155 3242 riieper
1174 3157 1306 3220 auditum,
1330 3155 1389 3210 hace
1412 3152 1563 3223 conscripta
1587 3151 1669 3208 silens
1691 3154 1840 3211 admonitio

1046 3244 1096 3302 per
1108 3228 1289 3284 imitationem
1308 3224 1485 3279 demonstrat.
1503 3242 1513 3275 1

1083 3299 1151 3354 ltem
1177 3298 1265 3354 sancti
1288 3294 1439 3350 Athanasii.
1463 3292 1640 3362 lnterropntio
1662 3292 1784 3350 Antiochi
1806 3295 1841 3351 nd

206 3369 348 3450 cherubim
361 3368 394 3423 de
406 3367 489 3448 lignis
497 3367 645 3430 obrarum;
660 3375 688 3421 ct
699 3365 768 3421 inira
783 3385 790 3420 ε
806 3366 840 3420 Et
851 3367 959 3439 sculpsit
970 3366 999 3420 iri
1048 3379 1168 3426 sunctum
1181 3384 1228 3440 pro
1241 3365 1408 3438 hauqinibns.
1426 3383 1434 3414 1
1449 3364 1591 3431 Quomodo
1609 3362 1691 3417 leret
1703 3366 1842 3435 prophetin

206 3455 244 3492 en
255 3447 371 3508 picturus
384 3437 526 3515 cherubim,
541 3444 565 3488 ct
579 3434 726 3515 pulmarum
738 3436 843 3506 specim
855 3444 880 3490 et
890 3435 999 3506 111911-
1049 3441 1179 3505 dicentes,
1207 3436 1317 3492 Statuas
1352 3443 1376 3488 et
1402 3432 1587 3487 similitudines
1621 3449 1674 3487 nori
1714 3434 1840 3490 adoretis.

206 3508 259 3590 pho
274 3506 347 3586 uelde
358 3513 541 3576 prominentia,
554 3512 578 3557 et
591 3511 653 3556 texit
665 3520 695 3557 cn
709 3521 785 3569 oure,
800 3512 825 3557 et
834 3506 935 3574 operuit
945 3514 1000 3557 tuni
1049 3510 1139 3578 Quare
1155 3521 1220 3578 ergo
1234 3521 1283 3560 ros
1306 3503 1395 3559 facitis
1415 3502 1555 3573 iinagi'nes,
1574 3508 1602 3556 et
1620 3503 1739 3558 adoratis
1753 3505 1816 3558 eas?
1830 3527 1840 3558 1

207 3575 434 3659 h'hcruiimquum
443 3570 677 3655 primosum-(lli
686 3571 1001 3644 aegrintscoentiaris·
1051 3578 1195 3648 llesponsio
1207 3575 1345 3630 Athanasii
1360 3590 1367 3625 i
1384 3590 1394 3622 i
1411 3571 1470 3626 Non
1480 3578 1510 3626 ut
1522 3571 1592 3628 Deos
1604 3572 1656 3626 ima
1678 3572 1736 3629 ‘ies
1750 3575 1843 3629 adora-

208 3661 269 3700 simi
289 3642 751 3726 iratres,considereuiusquid1leo
770 3643 913 3697 mandante
926 3642 999 3713 bloy-
1050 3661 1120 3711 mus,
1145 3660 1196 3701 nos
1210 3644 1302 3699 illeles
1323 3643 1394 3699 sicut
1415 3640 1523 3712 pagani,
1543 3642 1624 3697 absit.
1684 3645 1843 3700 dtantum·

208 3730 252 3771 ses
274 3715 410 3779 effecerit,
423 3714 521 3784 quidue
542 3713 668 3768 Salomon
683 3711 897 3783 sapientissimus
910 3711 1001 3767 dirino
1051 3717 1131 3772 modo
1144 3715 1241 3770 affectu
1258 3721 1286 3768 et
1303 3712 1446 3769 charitatis
1466 3723 1566 3766 nostrae
1585 3713 1683 3768 animae
1695 3714 1843 3771 adrultum

208 3784 283 3867 jussu
304 3784 494 3867 construaerit,
509 3790 537 3870 εξ
549 3790 662 3864 neura,
678 3791 780 3864 quanto
794 3782 922 3838 debemm
933 3796 1002 3850 puro
1052 3786 1130 3842 iaeici
1145 3785 1276 3906 imagines
1286 3789 1456 3854 apparentes.
1471 3779 1548 3838 Unde
1560 3783 1698 3838 multoties
1711 3783 1786 3839 uultu
1798 3787 1844 3842 de-

209 3858 299 3911 cordis
312 3869 409 3910 annisu
422 3867 508 3935 ipsunt
515 3855 652 3934 bhristuin
659 3853 802 3908 [lominum
813 3859 1003 3906 nostrumsan·
1051 3856 1106 3912 lcto
1119 3855 1191 3911 sicut
1217 3855 1308 3923 ignum
1329 3867 1427 3922 purum
1444 3859 1526 3921 atquc
1537 3866 1689 3919 eommuie,
1700 3852 1758 3924 jani
1772 3857 1844 3925 quod

210 3934 335 3996 ctamqne
345 3937 451 3994 semper
462 3938 593 3994 virginem
608 3937 667 3992 eius
690 3922 848 3994 genitricem
869 3921 1000 3987 Mariam,
1052 3927 1154 3982 dudum
1165 3923 1255 3979 luerat
1267 3923 1365 3994 imago,
1379 3922 1573 3978 comburimus,
1589 3921 1666 3978 Sicut
1675 3925 1747 3979 enirn
1761 3924 1845 3982 Jacob

210 3996 468 4079 apostolosquoque
480 3995 630 4075 solemnes
644 3992 813 4047 sanctoshei
832 4006 881 4062 per
905 4004 1000 4047 corum
1053 3995 1243 4067 appmiiimans
1261 3994 1354 4058 morti,
1376 3993 1559 4048 summitatem
1575 3993 1658 4065 rirgm
1678 3993 1844 4066 1151111111-

210 4065 416 4147 saerasehigies
430 4070 511 4145 atque
524 4077 656 4133 imagines
665 4061 764 4128 colere,
780 4062 904 4126 adorare,
918 4068 946 4117 et
969 4061 1002 4116 ad
1053 4066 1152 4131 orarit,
1168 4079 1222 4119 non
1236 4064 1340 4134 uirgam
1356 4062 1548 4126 honorificans,
1567 4064 1615 4117 sed
1633 4066 1678 4134 apii
1697 4081 1756 4121 eain
1771 4076 1847 4122 tenc-

210 4139 410 4216 propitiandum
434 4137 512 4188 nobis
526 4139 629 4213 petere,
643 4141 672 4187 et
691 4132 814 4187 relaxare
828 4131 936 4186 delicta.
948 4131 1004 4186 Nos
1052 4137 1111 4201 bat,
1132 4135 1173 4191 sic
1193 4143 1220 4191 et
1238 4132 1331 4189 fideles
1347 4148 1401 4189 non
1415 4131 1567 4203 proaliquo
1586 4131 1639 4188 alio
1658 4138 1738 4191 modo
1753 4137 1847 4207 imagi-

210 4220 263 4259 nou
276 4206 311 4261 ob
325 4204 398 4286 alind
410 4219 507 4286 nomen
519 4203 650 4273 imagines
665 4199 779 4284 iacimus
799 4208 827 4257 ct
839 4202 1002 4266 adoramus,
1054 4222 1104 4262 nos
1118 4205 1270 4264 adoramus,
1284 4219 1338 4260 non
1357 4217 1407 4286 pio
1424 4201 1559 4259 desiderio
1569 4200 1656 4273 effigie
1666 4205 1812 4262 declarata.
1834 4230 1844 4261 i

211 4271 886 4357 1111111111111111111111111111118111111
910 4287 1005 4327 maim-
1089 4275 1156 4332 ltem
1175 4275 1247 4330 beati
1271 4272 1365 4345 cyrilli
1387 4271 1562 4329 Alexandrini
1585 4276 1715 4347 episcopi,
1744 4278 1771 4333 in
1791 4294 1847 4335 sei·-

212 4345 282 4399 tncta
294 4360 385 4402 omina
397 4344 547 4414 abiicienda
567 4350 640 4406 suut,
655 4357 742 4423 ecque
756 4356 847 4397 aream
872 4341 1002 4404 toederis,
1055 4361 1136 4402 mone
1151 4343 1269 4401 llatthei
1282 4343 1471 4415 evangelistae:
1488 4360 1498 4394 1
1516 4342 1676 4413 Depingitur
1689 4347 1762 4403 cuim
1780 4348 1848 4406 hdes

212 4428 299 4497 neque
310 4430 392 4470 aurea
410 4423 437 4470 et
450 4414 544 4470 calata
558 4413 699 4494 cherubini
721 4410 780 4483 ejus
797 4412 945 4491 debuerant
959 4427 1003 4467 re-
1019 4401 1128 4487 unod
1140 4416 1167 4471 in
1187 4415 1274 4471 lorma
1286 4415 1335 4470 Dei
1345 4413 1453 4470 emistit
1467 4413 1590 4479 rerbhin,
1604 4413 1675 4470 sicut
1695 4427 1723 4471 et
1744 4428 1846 4476 nostre

212 4481 1116 4605 01111111113311111115110911111111111111111111111111)-1111
1140 4486 1326 4554 redemptione
1354 4481 1463 4542 oblatus
1482 4491 1525 4540 est
1546 4483 1602 4539 heo
1627 4488 1776 4543 secundum
1800 4507 1849 4546 no·

212 4566 319 4624 ceptum
335 4556 393 4610 hei.
405 4555 434 4610 Si
447 4570 512 4610 vero
523 4553 649 4609 illasicut
662 4554 759 4607 similia
773 4552 919 4607 inuisibilia
944 4561 1003 4607 acta
1053 4565 1139 4612 sarain
1156 4554 1361 4611 similitudinem
1383 4554 1492 4609 indutus
1509 4562 1537 4609 et
1559 4553 1649 4612 lactus
1663 4556 1754 4615 hoino.
1781 4583 1790 4614 ‚
1814 4562 1848 4617 fii

213 4632 286 4690 sunt,
300 4626 377 4679 itaet
390 4626 448 4680 hacc
470 4623 553 4680 simili
578 4623 657 4680 modo
674 4624 822 4678 secundum
845 4622 963 4678 visiones
976 4631 1005 4677 et
1053 4626 1125 4682 idem
1146 4626 1204 4697 ipse
1223 4633 1284 4696 post
1306 4640 1410 4697 pauca:
1434 4642 1443 4676 i
1469 4624 1619 4697 imaginum
1637 4630 1715 4685 nohis
1737 4632 1847 4701 explent

214 4696 402 4829 {ffifflffi
415 4695 607 4815 1101111111ῑῦ
639 4693 776 4750 1010111113
803 4691 929 4748 (1151111011
951 4691 1005 4747 effi·
1055 4712 1123 4767 opus
1134 4697 1268 4766 parabolae
1276 4695 1486 4767 significantium
1496 4694 1635 4760 uirtutem,
1650 4700 1767 4765 cuidam,
1783 4718 1849 4772 qno·

250 4831 367 4888 loannes
379 4834 588 4903 cunsostomns
601 4833 627 4888 in
640 4848 765 4890 sermone
779 4831 870 4888 Coenae
880 4831 1003 4887 Domini:

217 4919 228 4954 r
242 4901 338 4959 Omnia
350 4902 420 4958 iacta
432 4909 495 4957 suut
511 4912 621 4972 propter
634 4904 747 4974 gloriam
765 4902 823 4968 lici,
837 4903 898 4956 usui
914 4911 1005 4956 autem

1056 4770 1137 4849 niodo
1150 4777 1178 4849 et
1184 4768 1333 4850 siculorum·
1341 4765 1464 4847 adhiberi
1475 4774 1503 4821 et
1514 4766 1624 4848 palpatu
1637 4783 1734 4824 manus
1745 4772 1848 4838 afferri,

1056 4852 1083 4891 in
1096 4844 1228 4908 uestigiis,
1251 4838 1396 4903 mentibus,
1421 4836 1637 4907 inapparibiliter
1655 4838 1850 4898 habensrisio-

1057 4921 1129 4961 hetti.
1146 4928 1156 4959 s

216 4981 308 5028 nostro
324 4975 410 5028 nubes
421 4974 456 5028 ad
467 4973 593 5028 imbrium
606 4973 797 5038 ministerium,
811 4982 884 5027 terra
899 4973 935 5027 ad
948 4971 1005 5027 iru-

215 5045 300 5098 nieuti
313 5044 513 5107 abundantiam,
534 5059 607 5097 mare
627 5045 661 5098 ad
682 5044 871 5112 negotiandum
888 5044 1005 5111 copiose,

216 5119 318 5183 absque
340 5114 440 5168 iiiridia
465 5114 556 5166 omnia
587 5113 751 5169 famulantur
778 5114 891 5181 homini,
921 5115 1007 5182 inagh

215 5193 306 5239 autern
326 5184 435 5252 imagini
456 5183 574 5237 Domini.
595 5183 687 5253 Neque
705 5184 777 5238 enim
799 5184 907 5253 quando
924 5183 1008 5253 impe·

217 5255 297 5310 rialcs
309 5256 400 5309 vultus
415 5262 442 5308 ct
458 5253 589 5322 imagines
602 5255 630 5307 iii
646 5254 770 5309 ciritates
788 5254 1006 5316 introducuntur,

216 5332 244 5381 et
257 5326 364 5381 ohriain
375 5325 481 5394 judices
494 5331 521 5378 et
531 5322 624 5393 plebes
637 5339 699 5378 cum
718 5323 852 5389 laudibus,
866 5326 1009 5378 111111111-

216 5396 270 5450 lani
289 5398 463 5459 honorantes,
485 5409 573 5464 neque
593 5391 685 5449 effusae
700 5409 769 5449 cene
789 5395 939 5464 scripturae,
961 5395 1009 5449 sed

218 5466 330 5535 liguram
344 5465 524 5535 imperatoris,
549 5466 588 5520 sie
606 5474 633 5519 et
653 5476 778 5520 creatura
798 5479 851 5519 non
873 5473 1009 5520 terrenam

217 5539 334 5606 speciem
348 5538 472 5601 honorat,
491 5537 538 5591 sed
555 5537 676 5591 eamdem
694 5536 778 5605 ipsam
791 5534 1009 5605 1111111111-

217 5622 275 5660 ran
296 5614 443 5662 reseretur.
460 5627 469 5658 1

254 5677 319 5734 ltom
343 5679 414 5734 beati
438 5675 548 5733 loannis
563 5675 749 5749 chrysostomi
771 5676 804 5734 de
818 5676 946 5747 parabola
965 5693 1009 5734 sc-

1091 4977 1158 5033 ltem
1176 4976 1263 5031 sancti
1286 4974 1400 5047 cyrilli:
1421 4993 1431 5025 1
1453 4972 1687 5041 Quemadmodum
1704 4979 1849 5050 imaginem

1055 5048 1118 5118 quis
1142 5046 1308 5115 designatam
1329 5043 1479 5113 jucundam
1513 5048 1672 5114 respexerit,
1706 5049 1851 5104 niiinhitor

1057 5118 1166 5186 quidem
1185 5116 1257 5184 regis
1275 5115 1400 5186 liguram,
1420 5124 1447 5170 ct
1464 5129 1524 5184 qnae
1546 5114 1594 5170 itlo
1616 5126 1735 5186 apparet,
1749 5118 1806 5175 haee
1824 5128 1852 5174 et

1058 5188 1116 5258 ejus
1132 5201 1246 5241 nosceris
1256 5185 1482 5254 conscriptionem
1497 5186 1599 5254 pariter
1610 5201 1723 5242 ceriiens
1733 5188 1850 5245 delecta-

1058 5259 1116 5312 bitu
1125 5273 1141 5321 ⁶,
1157 5264 1187 5310 ut
1200 5271 1288 5325 ipsum
1304 5270 1394 5325 regern
1413 5255 1536 5325 aspiciat,
1555 5263 1607 5309 etc.
1628 5276 1637 5307 i

1094 5326 1160 5382 ltem
1174 5327 1261 5382 sancti
1280 5326 1422 5397 Epiphanii
1443 5326 1562 5396 episcopi
1577 5324 1742 5384 Constantini
1759 5327 1853 5402 Cypri.

1062 5417 1071 5448 i
1086 5397 1192 5452 Etenim
1206 5395 1384 5466 imperatores
1395 5412 1444 5466 pra
1456 5412 1489 5451 eo
1511 5396 1581 5451 cuod
1605 5396 1705 5452 hahent
1724 5399 1855 5469 imagines

1061 5484 1114 5551 nou
1126 5468 1179 5549 duo
1194 5477 1257 5523 sunt
1273 5468 1459 5536 imperatores,
1482 5414 1529 5522 seii
1543 5466 1689 5522 iuiueiutor
1704 5485 1774 5525 unus
1792 5485 1854 5525 cuin

1061 5553 1215 5608 imagine.»

1096 5609 1161 5664 liem
1180 5608 1266 5663 suncti
1289 5606 1419 5677 Stephani
1436 5607 1555 5677 episcopi
1575 5607 1700 5672 llostron,
1720 5607 1753 5662 ad
1772 5625 1855 5678 quos·

1062 5681 1134 5745 dam,
1158 5678 1191 5739 de
1213 5678 1376 5746 imaginibus
1401 5687 1568 5734 saiictoruin.
1595 5695 1605 5728 r
1630 5678 1668 5734 Dc
1694 5681 1855 5747 imaginibus
