4050 6192
273 373 340 429 etto
711 329 781 420 ⁴an
799 329 912 422 oenus
933 367 964 420 u.
983 365 1110 424 maon
1129 367 1238 424 neunt
1256 366 1437 423 mennon.
1690 409 1693 414 .
1816 376 1868 432 tta

306 490 383 543 Anao
401 485 449 539 'i'll
467 495 481 526 ⁸
499 486 565 538 abiit
581 482 694 538 Carolus
708 498 753 537 rex
772 484 910 538 hostiliter
928 483 953 535 iu
971 482 1059 537 Saso·
1074 498 1097 555 q
1115 495 1225 541 uertens
1248 486 1317 540 abiit
1332 485 1358 538 io
1383 483 1457 539 ltalia
1480 493 1508 538 et
1525 485 1667 556 dereliquit
1689 485 1755 543 filios
1774 504 1828 547 suos
1851 498 1872 554 iu

271 560 315 614 tria
340 566 366 613 et
386 555 505 611 vastarit
529 567 599 616 cam,
620 552 735 622 iecitque
755 553 792 607 ibi
814 552 914 608 candem
934 567 1059 620 magnam
1112 554 1262 610 Wormatia
1277 554 1402 624 Pipinum
1418 565 1446 608 et
1459 553 1595 609 Carnium.

271 628 411 685 bominum
424 633 451 679 ct
464 623 666 693 comprehendit
678 623 714 677 ibi
728 623 794 678 duos
814 622 949 686 castellos,
961 622 1059 678 Heres·
1146 624 1224 680 douo
1244 624 1291 680 781
1307 622 1396 679 Caroli
1419 638 1482 679 uero
1497 639 1569 678 auno
1588 625 1630 689 lb,
1645 626 1712 680 abiit
1723 641 1768 684 rex
1780 625 1872 690 Carolus

272 698 360 768 iurgii
373 705 400 751 et
413 694 584 765 sigisburgii,
608 693 752 763 posuitque
767 693 802 747 ibi
814 692 965 756 custodias,
983 702 1010 747 et
1031 694 1059 748 iu
1111 708 1173 749 oum
1199 695 1319 750 exercitu
1334 702 1362 749 et
1383 693 1521 764 ingressus
1544 702 1587 750 est
1607 695 1720 761 ltaliam,
1747 707 1774 753 et
1796 712 1872 768 perro

271 767 394 841 sequenti
408 781 479 822 anuo
492 764 558 818 abiit
581 763 678 816 iterum
702 778 750 817 rex
763 760 877 816 Carolus
894 762 921 815 in
932 762 1018 826 ltalia,
1033 771 1061 819 ct
1111 764 1251 834 uitasque
1273 764 1396 828 Romam,
1425 772 1454 818 et
1468 763 1622 834 baptizatus
1637 774 1679 820 cst
1698 766 1734 821 ibi
1754 768 1817 823 lilius
1827 771 1872 840 clm

271 839 373 908 recepit
384 834 428 890 ilia
441 833 550 889 castella
564 847 624 904 qtrae
636 831 744 886 residua
756 840 846 895 eraut,
862 840 890 887 et
911 832 1061 902 llotgauius
1111 833 1157 902 qui
1182 834 1329 889 uocabatur
1345 832 1549 897 Carlomauuus,
1576 849 1657 905 quem
1677 834 1803 905 Adrianus
1818 855 1872 913 papa

271 905 428 963 interiectus
445 912 495 965 est,
518 911 545 957 et
563 902 625 956 inde
648 910 787 956 revertens
810 902 956 972 ingressus>
969 911 1010 957 est
1033 903 1060 957 iu
1111 911 1216 959 urtttato
1230 903 1338 958 nomine
1354 904 1462 958 vocarit
1480 903 1616 973 Pipiuum,
1631 914 1659 959 et
1673 906 1784 962 unritlu
1801 924 1872 984 ιιςιιιι

273 972 595 1038 Saxonia,etmasimam
615 977 720 1040 partem
737 970 873 1025 Saxonum
891 973 1013 1041 accepit,
1033 980 1062 1027 et
1111 988 1194 1043 super
1215 973 1328 1036 ltaliam,
1355 981 1382 1027 et
1404 970 1517 1028 fratrem
1543 971 1602 1042 ejus
1625 975 1786 1031 Lanaricum
1810 993 1873 1049 super

271 1046 393 1103 conversi
405 1053 466 1098 sunt
480 1042 603 1096 Saxones
617 1041 650 1094 ad
661 1041 741 1095 iidem
753 1041 863 1103 Christi,
881 1049 909 1095 ct
925 1042 1000 1096 multi
1015 1057 1062 1096 ιο·
1111 1042 1299 1116 Aquitaniam,
1312 1051 1339 1098 et
1350 1042 1386 1097 ibi
1401 1041 1561 1113 desponsata
1571 1052 1615 1100 est
1628 1044 1773 1100 linotrudis
1784 1047 1829 1102 iilia
1841 1065 1873 1105 re

271 1132 330 1173 rum
346 1112 477 1184 baptizati
495 1119 568 1174 sum,
589 1119 617 1166 ot
634 1111 661 1164 iu
678 1110 731 1163 alio
747 1126 818 1166 anuo
838 1111 933 1166 babuit
947 1112 1061 1167 Carolus
1112 1113 1153 1181 gis
1166 1111 1254 1168 Caroli
1268 1112 1447 1168 Constantino
1461 1114 1630 1183 impetatori.
1645 1113 1710 1169 Post
1723 1114 1772 1171 boc
1785 1118 1873 1176 Carolus

272 1201 319 1242 rex
341 1191 502 1241 conventum
525 1195 653 1250 maguum
674 1179 853 1245 Francorum,
877 1180 956 1235 idest
977 1182 1061 1253 blagis
1112 1198 1160 1237 rex
1184 1183 1269 1238 Roma
1283 1197 1422 1252 egressus,
1438 1183 1491 1237 iter
1506 1197 1590 1251 agens
1604 1184 1723 1253 Capuam
1747 1185 1874 1257 Campania

271 1269 394 1326 campum
408 1254 435 1307 iu
450 1252 567 1306 Sasouia
580 1248 613 1303 ad
625 1248 836 1316 Partrsbruuna,
850 1259 876 1305 et
891 1249 928 1305 ibi
939 1265 1060 1322 pagano·
1111 1254 1205 1307 urbem
1220 1254 1345 1318 accessit,
1360 1259 1441 1321 atque
1452 1252 1490 1308 ibi
1503 1254 1599 1323 positis
1613 1254 1725 1318 castris.
1737 1255 1824 1311 bellum
1833 1258 1872 1313 lie·

271 1341 329 1382 rum
344 1325 482 1379 Saxonum
497 1318 639 1374 multitudo
651 1320 786 1387 baptizata
800 1331 852 1375 est.
1112 1322 1280 1386 neronianis,
1294 1323 1321 1376 nl
1336 1323 1508 1387 dederentur,
1529 1324 1711 1379 eoutmiuatns
1724 1333 1772 1379 est.
1791 1326 1872 1384 Pmre

305 1396 384 1450 Auno
397 1394 450 1447 778
471 1405 637 1459 congregans
648 1388 760 1444 Carolus
771 1406 817 1444 res
830 1390 980 1444 exercitum
1002 1406 1060 1444 ma·
1112 1391 1152 1446 uit
1166 1392 1217 1446 boc
1231 1391 1285 1447 dux
1305 1391 1543 1462 gentisdragisus,
1566 1393 1638 1448 lilios
1658 1407 1721 1449 suos
1739 1395 1871 1452 Rotnaldou

271 1481 364 1535 quum,
378 1464 516 1533 ingressus
528 1469 570 1514 est
584 1461 610 1513 iu
627 1460 735 1529 Spania.
750 1467 777 1514 et
789 1460 952 1529 conquisivit
965 1461 1062 1515 cirita·
1110 1470 1138 1515 ot
1160 1460 1344 1516 Grimoabtum
1368 1476 1430 1516 cnm
1452 1477 1548 1533 magua
1573 1464 1690 1532 pecunia
1714 1463 1811 1520 obuiam
1831 1469 1872 1538 regi

272 1547 326 1591 tcru
347 1531 549 1602 Patrrpelouam,
574 1538 601 1585 ct
625 1529 663 1585 ibi
678 1529 784 1584 Taurus
799 1531 995 1584 Saracenorum
1013 1546 1061 1584 rex
1110 1530 1232 1585 mittens.
1247 1531 1335 1602 Rogat
1349 1538 1379 1584 ut
1390 1530 1461 1587 ulios
1473 1547 1536 1587 suos
1549 1532 1659 1588 obsides
1668 1535 1799 1604 suscipiat.
1809 1551 1873 1606 seque

271 1606 345 1661 venit
361 1604 395 1659 ad
406 1618 477 1666 cum,
490 1608 517 1655 et
528 1600 638 1654 tradidit
653 1601 678 1653 ci
692 1600 817 1655 critates
828 1614 895 1669 quas
907 1600 1019 1664 habuit,
1033 1610 1061 1655 et
1111 1615 1173 1656 cum
1187 1609 1266 1673 geute
1279 1600 1409 1671 imperata
1420 1599 1562 1656 laetorum
1574 1603 1727 1673 pollicetur,
1740 1607 1873 1676 preterire

271 1675 346 1731 dedit
363 1674 387 1729 el
410 1671 528 1732 obsides,
546 1668 658 1723 lratrcrn
677 1684 757 1724 suum
780 1679 807 1723 et
834 1671 927 1732 lrllrtm,
949 1676 976 1724 ct
997 1671 1061 1725 inde
1111 1671 1197 1726 solum
1211 1670 1234 1724 si
1248 1672 1305 1740 ipse
1319 1670 1354 1724 ad
1375 1678 1550 1740 conspectum
1564 1673 1659 1728 reuire
1682 1690 1733 1728 nou
1745 1689 1871 1746 cogeretur.

270 1744 390 1817 perrexit
402 1756 487 1812 usque
502 1740 749 1808 Caesaraugustam,
762 1749 789 1794 et
801 1739 863 1793 dum
876 1741 902 1792 iu
915 1739 967 1793 illis
981 1740 1062 1810 parti·
1113 1741 1170 1795 Rex
1182 1740 1298 1795 utilitate
1313 1741 1401 1811 gentis
1415 1740 1501 1811 magis
1514 1757 1597 1812 quam
1618 1743 1703 1798 animi
1713 1743 1767 1812 ejus
1779 1745 1874 1800 obstita

271 1821 323 1872 bns
336 1820 498 1876 moraretur,
519 1808 694 1864 oonrruissum
710 1820 752 1863 cst
769 1809 866 1863 bellum
882 1810 1060 1864 fortissimum
1077 1827 1100 1888 B
1115 1810 1187 1865 tiorte
1212 1809 1392 1874 considerata,
1408 1817 1436 1864 et
1457 1812 1561 1867 oblatos
1574 1812 1625 1868 sibi
1642 1815 1748 1869 obsides
1769 1816 1873 1886 suscepit,

271 1887 315 1941 die
335 1882 487 1946 Dominica,
503 1879 697 1934 etcecideruut
718 1879 845 1935 Saraceni
860 1878 943 1933 nauita
966 1879 1060 1935 millia.
1113 1880 1192 1950 cique
1205 1888 1235 1934 ut
1248 1881 1282 1935 ad
1301 1887 1476 1949 conspectum
1497 1881 1592 1936 uenire
1613 1898 1669 1937 nou
1694 1894 1873 1954 ouqereturpro

272 1957 306 2010 Et
319 1955 352 2009 de
366 1954 432 2008 bora
446 1965 517 2006 noua
534 1947 622 2003 lactus
633 1958 675 2003 est
685 1947 725 2003 sol
747 1950 813 2003 bora
826 1951 952 2004 secunda.
970 1949 1003 2003 Et
1016 1950 1064 2004 itc-
1114 1966 1211 2020 magno
1224 1965 1336 2005 rubuere
1350 1951 1495 2015 concessit,
1506 1966 1613 2022 unoque
1627 1969 1660 2007 cs
1678 1952 1740 2008 liliis
1751 1954 1792 2024 qui
1805 1955 1874 2008 minor

274 2039 333 2080 rum
348 2023 470 2077 Saxones
481 2019 582 2090 perlida
594 2032 660 2088 gens
670 2019 804 2074 mentiens
815 2018 906 2081 fidem,
916 2021 1018 2088 egressi
1031 2020 1064 2074 de
1113 2029 1181 2084 erat,
1195 2019 1344 2075 obsidionis
1361 2019 1447 2089 gratia
1460 2028 1573 2085 retento,
1591 2021 1723 2090 majorem
1735 2024 1799 2095 patri
1811 2025 1872 2079 reni

274 2094 372 2149 linibus
397 2092 454 2148 suis
476 2096 608 2143 reuerout
627 2103 712 2157 usque
736 2089 770 2143 ad
794 2090 919 2144 Rbeatam
940 2088 1062 2154 loriam,
1113 2090 1158 2153 sit,
1172 2090 1322 2159 legatisque
1335 2090 1370 2144 ob
1383 2099 1552 2146 sacramenta
1569 2090 1709 2148 lidelitalis
1730 2109 1745 2147 a
1764 2093 1874 2148 &nereu-

274 2162 463 2219 srrccemleudo
473 2159 563 2216 omnia
576 2166 657 2228 atque
672 2158 820 2228 rastaudo,
835 2171 935 2214 etcum
949 2167 1065 2214 rercrtc-
1113 2160 1185 2215 lauis
1197 2159 1327 2229 exigenda
1338 2167 1419 2228 atque
1430 2160 1600 2230 suscipienda
1611 2176 1674 2217 cnm
1686 2161 1792 2234 aragiso
1801 2162 1873 2217 dinis

273 2244 369 2289 rentur
381 2248 442 2290 cum
455 2230 544 2303 praeda
563 2243 669 2298 taragna,
688 2230 809 2299 peruenit
827 2230 937 2284 nuntius
955 2231 989 2284 ati
1010 2229 1064 2285 Ca·
1113 2231 1161 2295 sis,
1177 2229 1289 2285 llomatn
1302 2229 1391 2285 rediit.
1406 2227 1635 2301 Consumptlsque
1650 2231 1687 2288 ibi
1708 2232 1734 2288 in
1746 2241 1872 2289 sanctorum

273 2305 360 2362 rolum
387 2319 480 2373 regem
506 2300 595 2355 adbuc
619 2301 646 2354 iu
664 2298 765 2369 Spania
788 2297 941 2424 degentem.
956 2299 982 2372 [h
996 2299 1063 2354 Cum
1113 2300 1287 2355 veneratione
1304 2298 1425 2354 locorum
1444 2300 1547 2371 aliquot
1562 2301 1669 2368 diebus,
1690 2302 1716 2356 in
1739 2301 1826 2358 Callias
1839 2317 1872 2357 re
1948 2349 1949 2366 ,

272 2375 345 2431 euim
360 2375 468 2428 assumo
482 2379 509 2425 ct
523 2384 593 2441 pene
609 2370 813 2425 coutinuocum
847 2368 1064 2425 arouibusbello
1114 2371 1237 2435 uertitur,
1253 2376 1280 2424 el
1306 2370 1398 2424 babuit
1417 2370 1579 2440 colloquium
1592 2387 1657 2427 cunr
1679 2371 1873 2428 Tassilonednce

271 2453 431 2506 certaretur,
451 2439 587 2510 dispositis
605 2453 652 2509 per
671 2452 790 2508 congrua
808 2439 986 2495 conlluiorum
1005 2439 1063 2494 loca
1102 2440 1254 2509 ‘bajoarico
1268 2448 1296 2494 et
1308 2439 1582 2510 magnol'raucorum
1593 2451 1738 2507 contentu,
1753 2442 1776 2497 td
1789 2442 1873 2497 estllt-

291 2514 419 2577 raesidiis‚
442 2522 507 2565 tunc
529 2509 685 2578 ispaniam,
712 2523 792 2578 quam
819 2512 937 2565 uranium
977 2516 1066 2564 oterat
1114 2511 1363 2581 giscampnmapnd
1377 2508 1790 2570 Warmatiababuiteiritatern.

310 2585 338 2640 lli
355 2593 485 2653 apparatu
509 2580 675 2650 aggreditur,
702 2579 825 2648 saltuque
844 2525 1065 2651 &mnafsupe-
1148 2581 1226 2635 Auno
1237 2578 1298 2643 782,
1312 2595 1383 2635 ιιιιιιο
1396 2580 1428 2633 ll
1445 2579 1533 2636 Caroli
1545 2582 1615 2652 regis
1629 2582 1784 2639 Benedictus
1800 2584 1871 2648 abbat.

269 2664 343 2719 rata,
361 2653 486 2708 omuibus
499 2666 559 2720 quc
573 2650 677 2704 adierat
695 2650 802 2720 oppidis
814 2659 895 2720 atque
906 2650 1024 2704 castellis
1036 2650 1064 2706 iu
1113 2650 1159 2720 qui
1177 2659 1288 2706 uocatur
1301 2649 1418 2716 Viticbc,
1434 2650 1462 2704 iu
1474 2650 1534 2707 loco
1546 2655 1593 2722 qui
1607 2653 1711 2709 dicitur
1720 2651 1837 2708 Auiauuu
1848 2668 1872 2706 et

271 2724 433 2783 deditionem
455 2719 584 2790 acceptis,
605 2721 680 2775 salro
693 2725 720 2774 ct
741 2719 868 2774 incolumi
883 2722 1003 2776 exercitu
1020 2733 1063 2774 re·
1112 2729 1248 2790 praecepto
1262 2720 1410 2790 supradicti
1430 2721 1502 2792 regis
1517 2719 1607 2776 Caroli
1631 2723 1813 2778 monasterium
1825 2721 1873 2776 ade

270 2796 395 2858 vertitur,
409 2802 507 2864 prater
521 2791 593 2860 qnod
611 2790 638 2846 in
660 2791 721 2860 ipso
735 2789 857 2860 Pyrenaei
868 2789 934 2861 jugo
947 2790 1062 2847 blasco-
1114 2791 1214 2855 licarit,
1234 2791 1260 2845 iu
1280 2804 1334 2859 quo
1348 2799 1445 2872 postca
1469 2799 1605 2847 trecentos
1629 2793 1680 2848 sub
1702 2792 1820 2864 regimine
1836 2807 1872 2847 suo
1948 2855 1949 2862 ἵ

271 2867 360 2922 nicam
374 2863 513 2936 pctlidiam
530 2876 676 2932 parumper
692 2861 718 2914 iu
734 2862 869 2916 redeundo
883 2862 994 2932 conligit
1018 2877 1065 2914 ex·
1114 2861 1261 2916 tuonaclros
1274 2860 1377 2924 babuit,
1393 2869 1421 2913 ct
1434 2876 1482 2930 per
1495 2861 1579 2931 ipsius
1592 2861 1743 2932 exemplum
1755 2877 1798 2933 per
1809 2869 1871 2916 tolan

271 2936 365 3007 periri.
386 2933 454 2988 Nam
464 2947 526 2988 cum
547 2932 653 3001 agruim
665 2931 756 3002 longo,
772 2941 801 2985 ut
818 2930 870 2986 lori
884 2939 911 2986 ct
927 2932 1064 3000 :rugttstia-
1114 2929 1221 2986 Goliam
1235 2942 1262 2985 et
1274 2929 1447 3000 Aquitaniam
1471 2933 1637 2988 monasteria
1653 2930 1870 2988 construuntur.ln

271 3021 330 3061 euru
351 3005 419 3059 silus
445 3001 635 3073 permittebat,
659 3010 802 3073 porrectus
829 3002 881 3057 iret
908 3005 1062 3064 exercitus,
1113 3015 1184 3056 auno
1192 3001 1347 3073 supradicto
1359 2998 1453 3056 ltabuit
1465 3016 1511 3055 ιιι
1522 3009 1686 3058 conventum
1695 3019 1808 3075 magnum
1817 3017 1872 3056 exer·

271 3075 420 3131 Wascoues
441 3074 468 3127 iu
482 3070 579 3126 summi
600 3073 701 3127 montis
722 3073 826 3128 vertice
842 3073 937 3142 positis
958 3072 1064 3126 insidiis
1113 3073 1183 3126 citus
1199 3073 1240 3125 sui
1263 3071 1290 3124 iu
1306 3069 1422 3126 Sauonia
1446 3070 1480 3125 ad
1505 3071 1696 3141 lipebrunem,
1713 3080 1739 3127 ct
1761 3070 1871 3127 constituit

271 3148 325 3217 (est
347 3144 420 3198 euim
435 3144 511 3197 locus
522 3156 555 3195 cx
574 3142 710 3210 opacitate
732 3141 872 3206 siliarum,
894 3157 1009 3212 quarum
1026 3141 1098 3234 ibiC
1115 3155 1196 3214 super
1211 3156 1272 3195 cam
1291 3141 1404 3196 comites
1419 3155 1454 3196 ex
1465 3139 1632 3197 nobilissimo
1643 3158 1739 3215 genere
1753 3142 1870 3200 Sarmuu,

271 3216 389 3270 unanima
410 3221 452 3268 cst
472 3211 559 3280 copia,
579 3211 685 3266 insidiis
708 3214 841 3279 ponendis
864 3212 1060 3284 importunus),
1114 3219 1141 3265 el
1155 3227 1215 3266 cum
1229 3226 1276 3266 eos
1289 3209 1386 3266 iterum
1402 3211 1600 3281 coquarisscta
1618 3213 1673 3268 ilde
1686 3213 1802 3283 dilapsos,
1818 3209 1871 3265 etnl

272 3293 420 3342 extremam
441 3281 694 3350 impedimentorum
709 3288 824 3349 partem,
844 3289 871 3335 et
887 3296 934 3336 eos
953 3282 1000 3352 qui
1015 3298 1063 3335 uo-
1113 3279 1301 3336 dcltellaudum
1314 3296 1375 3336 csse
1387 3281 1529 3348 adunatos,
1538 3292 1564 3337 ct
1577 3283 1651 3352 quod
1664 3282 1778 3338 nonnulli
1785 3293 1870 3336 suumn

271 3352 374 3409 rlssimi
397 3351 512 3422 agminis
536 3348 691 3405 incedentes
718 3350 851 3411 subsidio,
878 3352 1063 3419 praecedentes
1114 3352 1139 3405 iu
1153 3352 1205 3407 bac
1214 3351 1530 3417 seditiouciuteriisseut,
1541 3367 1651 3407 rursum
1660 3352 1757 3409 abiitin
1766 3349 1870 3410 Saaouia,
1948 3355 1949 3364 ¹

272 3425 326 3480 tne'.
337 3430 427 3488 antur,
441 3421 556 3491 desuper
569 3418 738 3474 incursantes
753 3420 779 3474 iu
792 3419 941 3488 subjectam
963 3420 1075 3475 rallem‘
1112 3431 1139 3475 et
1150 3422 1267 3478 uastauit
1283 3437 1342 3477 eam
1357 3429 1385 3476 ct
1399 3421 1535 3493 ingentem
1549 3421 1688 3482 Saxotmm
1702 3424 1798 3478 mrbau
1807 3417 1871 3474 atroci

272 3495 409 3563 (injiciunt,
440 3498 619 3558 consertoque
637 3505 697 3544 eum
726 3490 766 3545 cis
789 3491 892 3560 puelia,
917 3505 1002 3616 usqne
1028 3491 1061 3545 ad
1112 3491 1232 3547 confodit
1272 3491 1342 3546 adio.

273 3579 354 3619 terrum
377 3576 473 3616 omnes
492 3560 669 3622 interlicinnt,
697 3561 856 3630 acdimptis
884 3562 956 3632 impe
975 3561 1063 3616 imcu-
1147 3559 1226 3616 dotto
1255 3561 1302 3618 183
1323 3559 1444 3634 perrexit
1457 3575 1504 3616 res
1527 3559 1642 3617 Carolus
1656 3559 1685 3618 iu
1702 3561 1808 3618 &aonia
1825 3572 1871 3614 mn

273 3635 317 3697 tis,
340 3633 428 3689 noctis
450 3629 590 3694 bertellcio,
616 3630 750 3712 quaejam
774 3630 900 3695 instabat,
923 3631 1060 3701 protecti,
1112 3631 1232 3687 exercitu
1245 3645 1354 3702 magno,
1365 3639 1391 3686 et
1405 3630 1600 3687 rebellantibus
1610 3631 1665 3690 illis
1675 3633 1831 3688 commissum
1841 3635 1871 3682 nl

273 3719 379 3757 summa
398 3717 460 3757 cutm
474 3699 653 3757 celeritatem
674 3699 780 3755 diversa
792 3701 995 3772 disperguntur.
1006 3700 1062 3755 Ad·
1112 3701 1222 3767 bellum,
1238 3711 1265 3757 et
1282 3702 1437 3757 cecideruut
1452 3708 1575 3771 exparte
1589 3703 1727 3759 Saxonum
1740 3701 1813 3758 nrulta
1825 3697 1871 3754 atil·

270 3772 421 3898 iuvabatiu
442 3772 493 3826 boc
511 3770 583 3825 lacto
596 3769 1016 3831 Wascoursleritasarmorum.
1034 3779 1062 3826 et
1112 3772 1156 3833 lia,
1176 3779 1203 3827 et
1226 3773 1324 3828 iterum
1340 3772 1440 3827 bellum
1466 3772 1642 3826 commissum
1657 3782 1707 3834 est,
1723 3782 1749 3827 et
1764 3781 1871 3842 pugnate·

283 3845 325 3901 oci
340 3844 366 3897 iu
378 3857 431 3913 quo
445 3855 488 3897 res
500 3840 653 3910 gerebatur,
667 3840 753 3894 situs:
767 3855 782 3896 e
801 3849 894 3896 eontra
904 3841 1025 3896 Francos
1035 3850 1062 3897 et
1112 3850 1176 3896 rout
1193 3839 1290 3896 franci
1305 3857 1368 3897 cum
1385 3840 1548 3907 Saxouibus,
1567 3849 1594 3896 et
1610 3844 1764 3899 cecideruut
1774 3841 1802 3896 dc
1813 3844 1871 3908 pule
1948 3855 1949 3860 ¹

273 3928 411 3970 armorum
434 3913 552 3983 gravitas
568 3909 658 3965 elloci
677 3909 805 3979 iniquitas
816 3911 966 3981 peremnia
986 3909 1063 3965 Was·
1112 3911 1249 3966 Saxonum
1268 3913 1351 3966 etiam
1375 3908 1871 3982 multamilliaquamantea,ettirtot
1948 3945 1949 3952 ι

273 3982 387 4042 cortibus
399 3981 515 4037 reddidit
532 3981 660 4050 impares.
680 3979 709 4034 lu
724 3995 778 4049 quo
799 3979 892 4052 praelio
912 3980 1062 4053 quiardus
1112 3994 1236 4036 reuersus
1248 3980 1414 4037 elearolus
1427 3981 1454 4035 in
1468 3979 1593 4045 Francia,
1608 3991 1637 4037 et
1656 3983 1683 4037 iu
1701 3983 1757 4054 ipso
1767 3994 1826 4036 anno
1834 3976 1871 4030 tait

274 4054 355 4124 regim
379 4066 479 4106 merrae
496 4049 671 4174 praepositus,
693 4047 837 4105 boselinus
859 4066 950 4106 eomes
969 4050 1075 4124 palatii,
1111 4057 1194 4106 aesttts
1209 4059 1264 4105 tam
1276 4053 1431 4116 uehemens,
1444 4050 1482 4104 ita
1497 4050 1647 4120 utplurimi
1666 4047 1871 4117 bonincrdeipst

273 4139 333 4178 reum
349 4121 408 4177 aliis
418 4135 496 4194 comp
508 4121 601 4175 nribus
611 4119 820 4175 interficiuntur.
833 4120 944 4177 Carolus
955 4135 1063 4203 quoque
1111 4121 1202 4176 calore
1221 4122 1400 4191 exspirarent,
1417 4129 1444 4176 ct
1458 4120 1611 4194 insequenti
1627 4119 1814 4178 annonarum
1835 4129 1870 4170 m

272 4207 398 4250 reversus
408 4206 470 4246 cnm
481 4204 531 4245 suo
541 4188 684 4262 exercita]
693 4187 789 4244 Franci
795 4203 860 4246 rcro
871 4192 1023 4262 conglobata
1034 4192 1061 4245 iu
1111 4189 1230 4260 perrexit
1247 4191 1345 4246 iterum
1358 4190 1385 4244 iu
1397 4189 1516 4245 Saxonia
1528 4205 1577 4260 per
1595 4190 1663 4246 duas
1677 4192 1757 4249 trices.

273 4278 356 4319 arnum
374 4261 507 4332 persecuti
520 4269 583 4315 sont
599 4258 721 4315 Saxones
733 4275 817 4332 nsque
835 4261 869 4315 ad
887 4259 996 4322 damen,
1017 4260 1060 4314 cul
1146 4259 1224 4316 Anno
1244 4257 1493 4315 785.Carolusres
1511 4261 1668 4316 demoratus
1688 4252 1870 4318 esttasmm
1948 4241 1949 4246 ἵ

271 4347 370 4389 nomeu
391 4338 434 4387 esl
456 4330 580 4385 Calerua.
596 4330 673 4398 Quod
687 4344 748 4384 cour
766 4331 962 4402 comperissent
976 4331 1062 4385 Saxo·
1111 4330 1147 4385 ad
1159 4330 1313 4401 llereslturg
1327 4337 1337 4366 l
1353 4345 1368 4384 a
1383 4328 1475 4384 Natale
1487 4329 1593 4384 Domini
1607 4346 1693 4401 usque
1707 4331 1735 4385 iu
1747 4318 1870 4407 mansell·

272 4417 331 4468 nes,
344 4400 468 4457 eourcrsl
479 4408 543 4456 sont
557 4401 590 4455 ad
600 4414 646 4455 eos
663 4399 690 4454 iu
702 4400 804 4467 prelio,
818 4407 846 4454 et
863 4400 1061 4456 ceeidcmntex
1111 4400 1168 4466 talo,
1184 4408 1211 4456 ct
1224 4399 1368 4456 adilearit
1385 4414 1444 4464 eam
1458 4415 1473 4454 a
1487 4414 1569 4466 noro,
1585 4400 1633 4454 scd
1648 4408 1676 4457 el
1699 4399 1824 4457 basilicae
1841 4407 1869 4461 tp

271 4481 350 4546 quarte
376 4473 513 4527 Saxonum
541 4470 661 4542 plurimi,
689 4470 779 4526 calori
799 4485 864 4525 roro
885 4469 1011 4540 sugerunt
1032 4479 1060 4525 et
1112 4486 1171 4526 satu
1193 4471 1353 4534 construxit,
1367 4469 1550 4541 placitumque
1564 4465 1658 4524 babuit
1671 4469 1706 4525 ad
1722 4467 1869 4524 Partesbmte

272 4551 434 4612 acceperuut
456 4540 540 4608 spolia
563 4553 665 4593 conum.
685 4538 718 4592 Et
736 4539 765 4592 iu
781 4539 834 4595 alio
853 4555 924 4594 antm
939 4541 1058 4611 perrexit
1075 4523 1174 4594 Duum
1189 4555 1250 4594 cum
1264 4539 1377 4595 Francis
1388 4549 1416 4595 ct
1426 4539 1588 4604 Saxonibas,
1602 4551 1628 4593 ct
1640 4547 1705 4594 lunc
1718 4539 1814 4594 demum
1821 4547 1868 4659 ffi-

272 4615 371 4667 iternm
384 4609 497 4664 Carolus
513 4623 559 4661 rex
577 4623 639 4662 enm
651 4608 769 4663 exercitu
784 4608 812 4662 in
828 4608 941 4679 Spania,
963 4618 991 4665 et
1012 4625 1059 4664 re·
1110 4610 1181 4664 rexit
1195 4619 1269 4664 trans
1291 4607 1401 4664 durium
1425 4609 1545 4665 wissara
1561 4608 1574 4648 <1
1590 4615 1617 4662 et
1640 4608 1761 4680 pertenit
1778 4604 1818 4685 ad·
1838 4621 1848 4682 '.

272 4684 313 4738 uit
335 4692 420 4747 usquc
445 4678 480 4731 ad
507 4677 644 4736 ciuitatem
667 4677 844 4733 lledinacoeli.
873 4679 906 4733 Et
930 4679 1060 4734 Saraceni
1110 4679 1209 4735 dorric.
1226 4681 1347 4751 Cumque
1369 4679 1490 4734 Saxones
1510 4677 1590 4734 scilll
1606 4675 1866 4743 dedamuecbusm

273 4749 406 4820 paritlcati
424 4750 457 4802 de
471 4753 547 4801 trans
561 4745 659 4799 flamen
674 4745 780 4801 obsides
792 4747 933 4804 dederuut.
945 4749 973 4803 lu
989 4749 1059 4819 Spa·
1110 4747 1231 4813 tribulem,
1246 4764 1328 4819 quam
1339 4749 1443 4871 quidem
1459 4756 1628 4819 respuerant,
1641 4748 1737 4803 iterum
1752 4745 1868 4814 ratpirn

272 4821 318 4874 tria
332 4816 494 4874 recolentes
508 4831 604 4886 magna
617 4825 644 4869 et
659 4815 809 4871 mortalitas
823 4817 892 4872 lacta
905 4827 955 4882 cst,
973 4826 1000 4873 ct
1012 4831 1060 4873 ror
1076 4863 1083 4881 ,
1111 4818 1238 4890 nulloque
1263 4818 1336 4873 rebel
1348 4828 1419 4882 aute,
1443 4825 1537 4889 postea
1563 4833 1610 4874 rex
1635 4818 1716 4874 rediit
1734 4817 1759 4872 io
1783 4815 1868 4891 domitu

272 4888 382 4945 seditio
397 4888 506 4944 civitate
517 4885 618 4942 Lionae.
637 4885 671 4941 Et
686 4885 835 4955 insequenti
858 4904 929 4943 aurio
949 4903 1061 4959 cotrgrc-
1111 4903 1197 4944 suam.
1211 4886 1368 4943 Widucbiut
1382 4897 1422 4944 tot
1434 4888 1566 4943 malornm
1581 4897 1676 4944 auctor
1686 4883 1868 4958 acperltieu

272 4975 340 5029 gaus
362 4958 512 5014 exercitum
534 4971 670 5026 magnum,
692 4955 828 5026 ingressus
852 4958 936 5012 estin
961 4956 1060 5043 Spania
1111 4958 1374 5022 cctttor,renitcum
1387 4956 1537 5012 sociissuls
1551 4958 1584 5013 ad
1597 4958 1726 5014 Adiniaco
1737 4953 1869 5027 palatimtl

273 5041 354 5101 super
366 5028 510 5092 Nararios,
523 5034 550 5081 et
596 5025 684 5082 rteuit
697 5041 782 5108 usque
799 5027 832 5081 ml
855 5029 953 5083 llumen
964 5025 1059 5092 baala,
1111 5027 1212 5082 ilidcm
1226 5027 1378 5097 baptizatus
1390 5035 1441 5093 est,
1464 5035 1492 5080 et
1503 5043 1549 5082 rex
1564 5030 1682 5099 suscepit
1693 5042 1753 5083 eum
1771 5040 1785 5079 a
1802 5020 1867 5079 lauit·

274 5108 299 5154 et
314 5098 364 5180 ipsi
380 5098 492 5153 Navarri
511 5106 551 5152 tra
573 5095 678 5151 iderunt
693 5111 723 5152 se
738 5097 776 5150 rlli
796 5111 900 5164 ornus,
914 5108 941 5152 et
958 5097 1062 5165 accepit
1111 5111 1144 5150 ac
1161 5095 1239 5151 donis
1251 5096 1402 5168 magulilcls
1423 5096 1575 5151 bonoravit„
1591 5096 1690 5154 Eodem
1708 5109 1774 5151 anuo
1785 5092 1868 5171 (lemn

274 5169 381 5225 obsides
394 5177 450 5223 mm
464 5168 594 5238 ingenuos
607 5180 687 5235 quam
701 5173 727 5220 ct
740 5165 818 5230 lidos,
827 5176 855 5222 ct
869 5168 960 5222 divisit
975 5169 1062 5236 ipsam
1111 5169 1208 5221 denses
1222 5166 1345 5221 homiues
1355 5165 1511 5222 Gerundam
1521 5166 1656 5220 ciuitatem
1668 5164 1760 5221 Carolo
1771 5168 1868 5232 tevit*

273 5239 389 5296 outriam
402 5240 473 5294 inter
483 5236 623 5306 episcopos
638 5243 664 5290 ct
674 5236 846 5306 presbyteros
857 5244 886 5291 et
897 5237 1019 5300 abbates,
1032 5245 1062 5289 ut
1111 5234 1246 5290 didernut.

274 5301 302 5360 in
322 5321 354 5360 ea
378 5308 395 5361 b
443 5309 587 5359 izarentet
603 5305 796 5373 predicarent,
815 5321 920 5362 necnon
933 5315 961 5361 et
977 5304 1061 5360 latmi·
1145 5303 1290 5360 unnoltl
1311 5301 1441 5361 rebellare
1455 5305 1545 5362 conati
1567 5313 1630 5361 suut
1644 5304 1750 5374 quidam
1762 5295 1866 5357 aare,

275 5376 370 5429 tiorum
383 5375 406 5454 [⁴
420 5385 485 5442 orte,
501 5372 683 5445 winilorum]
698 5387 745 5430 scu
761 5374 942 5431 Bascanomm
961 5376 1062 5446 reipa-
1111 5374 1232 5429 nonnulli
1244 5374 1327 5429 etiam
1342 5373 1446 5430 nobiles
1458 5389 1491 5430 eu
1505 5375 1628 5446 partibus
1640 5374 1760 5436 llostriae,
1772 5382 1800 5424 ac
1818 5379 1866 5419 con
1948 5405 1949 5408 ,

274 5459 406 5515 gauomm
427 5459 525 5516 magna
548 5443 689 5498 multitudo
706 5443 840 5514 baptizata
859 5452 910 5500 est.
928 5445 992 5502 lude
1017 5460 1061 5499 re·
1109 5443 1232 5515 jurantes
1246 5444 1362 5499 inuicem
1373 5453 1519 5515 coegerunt
1534 5459 1602 5501 unos
1616 5445 1806 5516 potueruut,ut
1818 5447 1865 5489 coa·

296 5590 313 5620 ¹
327 5577 376 5633 llic
393 5579 487 5633 deesse
504 5575 612 5631 uitiatur
632 5572 730 5658 aliquis
748 5587 887 5639 uumerus,
902 5589 964 5629 nam
982 5582 1061 5629 antea
1146 5575 1237 5643 boum
1261 5579 1338 5631 numa
1362 5575 1580 5632 includunturex
1596 5573 1728 5648 Eqiuardo
1741 5571 1864 5636 manauit.

274 5653 335 5705 acia
358 5646 492 5701 ιιιιιοΠΞ
509 5653 646 5714 postterat.
665 5644 703 5698 br
722 5644 870 5698 Annalibus
896 5643 1061 5700 llctensibus
1111 5644 1302 5701 abinionensi
1317 5649 1450 5702 mouuclto
1464 5647 1509 5702 bic
1526 5647 1627 5702 inserta
1640 5645 1767 5710 rideatur.

275 5718 309 5778 ad
321 5729 421 5771 atrotuu
435 5714 653 5794 775:Carolus:u
666 5713 836 5785 Sigiburqutu
846 5724 965 5769 castrum
974 5715 1059 5783 cepit,
1148 5725 1159 5756 ⁰
1174 5716 1275 5769 (turon.
1291 5715 1394 5781 linias,
1410 5715 1558 5800 Hensburq.

275 5788 474 5855 llercsburgum
487 5783 666 5837 renltliraut.
686 5802 695 5836 ι
1146 5784 1274 5852 tltoiss,
1290 5786 1473 5859 trurtttlutittm
1486 5785 1599 5844 Causea.
