4050 6192
578 371 667 428 cunr
685 373 857 431 manerat.
876 376 1042 432 -carrc
1063 377 1396 436 uacuae-rasa
1762 373 1820 442 ss‘t

193 533 1814 567 m-——n—-m

534 667 796 834 *unam
842 669 1131 802 uanum
1180 679 1436 809 nuent

220 887 553 952 maturassemus
570 886 615 942 ET
633 861 952 954 tuuubbtttbut'tuu,
970 888 1119 947 peruicit
1139 892 1380 953 ROMANORUM.
1401 899 1479 955 vitu
1498 899 1543 955 ΕΤ
1568 900 1785 958 ostensurus

158 979 159 982 ’
781 974 928 1034 SANCTAE
948 978 1005 1035 but
1022 979 1218 1052 ECCLESIAE,

394 1137 887 1250 ctPtTubtttu
950 1143 1053 1250 bu
1115 1145 1576 1259 lmaetutuus

184 1352 309 1406 cuum
331 1351 541 1397 constituunt
562 1351 607 1397 vlt
628 1351 841 1397 fflPERssOlilS
862 1351 1230 1402 cousrtnnuorouutvtt
1266 1362 1307 1405 ΕΤ
1339 1363 1445 1407 tusum
1471 1365 1591 1410 utunts
1622 1366 1818 1422 DECRBTUH,

324 1430 365 1474 tt't·
385 1430 533 1476 SYNODUB
555 1430 706 1475 Nlcssiiffl
732 1431 756 1474 11
777 1431 1061 1478 assumseruutu
1090 1434 1317 1482 mcuubbtcnt
1341 1442 1410 1484 atvs
1433 1443 1682 1500 uutvsttstttttt3

477 1508 682 1555 courosrruu
704 1510 744 1552 cr
760 1510 961 1555 russicarum
977 1512 1009 1554 ru
1029 1512 1175 1558 concrum
1199 1516 1510 1577 varucosonorsusr,
1546 1523 1551 1532 ·

613 1589 653 1632 sc
670 1588 810 1654 cumano
832 1590 920 1632 rare
939 1589 1058 1635 nassum
1080 1592 1166 1636 anno
1182 1594 1298 1639 neurus
1318 1579 1388 1643 tet.

424 1712 555 1777 Editum
570 1731 609 1774 ea
626 1709 811 1775 bibliotheca
824 1719 852 1775 et
866 1709 972 1774 studio
988 1712 1125 1776 Ioannis
1144 1715 1221 1779 Tiiii
1234 1715 1401 1782 bellaris
1415 1721 1567 1802 episcopi.

915 1849 1084 1872 ψ

861 1951 1141 2029 inmaturo.

645 2198 799 2258 tutunus
817 2197 930 2254 uiuus
949 2194 1142 2253 modultu
1160 2195 1351 2255 EPlSCOPUS

736 2353 926 2400 cuutsuttuo
946 2352 1081 2396 tundunt
1103 2351 1261 2396 SALUTEM.

217 2511 317 2569 rapere
329 2511 489 2578 potestatem
507 2500 571 2557 huie
585 2499 653 2556 libro
665 2498 693 2554 iu
706 2498 842 2581 publicum
855 2499 970 2555 exeundi
983 2499 1009 2560 Δ
1022 2496 1074 2552 suli
1087 2497 1172 2553 rideri
1190 2495 1345 2561 studebant,
1363 2495 1424 2552 illas
1441 2496 1572 2567 imagines
1584 2504 1752 2560 venerationi
1766 2506 1815 2563 pq.

183 2581 277 2647 nolim,
300 2576 353 2632 nisi
378 2572 516 2645 praelatus,
542 2585 576 2626 ne
597 2570 742 2625 calumniis
756 2576 907 2639 appetatur,
923 2577 973 2624 aut
1022 2567 1097 2632 uere,
1116 2575 1198 2637 atque
1214 2579 1248 2622 ex
1272 2565 1324 2621 iilis
1340 2568 1407 2622 alias
1422 2566 1533 2638 lingere.
1551 2567 1586 2623 Et
1604 2576 1701 2627 natura
1722 2588 1816 2633 popm

183 2650 284 2710 falsiet
302 2643 493 2717 suppositionis
505 2639 684 2696 insimuletur.
697 2638 881 2706 Quorumdam
896 2640 970 2694 enirn
1021 2635 1219 2707 propendemus
1236 2635 1271 2691 ad
1283 2635 1470 2692 admirandum
1490 2643 1519 2693 et
1539 2637 1582 2692 eiii
1620 2640 1718 2697 eodum
1737 2646 1817 2703 nobis

183 2719 375 2779 historicorum
399 2714 442 2768 rel
464 2712 521 2768 lide
540 2710 620 2772 mala,
648 2709 688 2763 vel
713 2709 827 2772 incuria,
849 2724 911 2779 quae
938 2710 973 2765 de
1022 2706 1182 2769 simulacra,
1202 2715 1229 2761 at
1250 2720 1283 2761 ue
1297 2707 1325 2762 in
1338 2705 1573 2763 iisdeliciandum.
1618 2720 1725 2779 pectam
1745 2731 1815 2785 pue.

183 2788 285 2848 ooaetis
296 2785 418 2843 conciliis
435 2791 517 2853 agunt
532 2779 650 2836 bistoriae
662 2779 750 2834 ubiuis
768 2777 879 2834 Graeciae
892 2818 900 2845 ,
915 2778 972 2835 lta·
1022 2777 1097 2832 rulos
1113 2775 1165 2831 sibi
1176 2721 1345 2859 indigentes
1355 2783 1382 2833 et
1395 2776 1564 2860 ineptientes,
1577 2794 1642 2835 num
1657 2781 1813 2853 imaguncu-

182 2861 226 2918 liae
248 2866 329 2929 atque
350 2856 434 2910 etiam
456 2852 605 2908 Galliarum
629 2862 711 2917 snper
735 2848 882 2919 imaginum
908 2864 974 2905 con·
1022 2845 1072 2910 las,
1095 2846 1226 2916 puppulas
1248 2855 1276 2901 et
1296 2847 1323 2901 rd
1336 2862 1422 2918 genus
1443 2847 1617 2904 deliramenta
1631 2851 1683 2906 sibi
1703 2854 1814 2921 cudent,

183 2932 299 2988 dictust
312 2923 492 2986 turbulentia,
505 2922 575 2978 bona
592 2927 715 2989 exparte
731 2919 972 2989 uobisdepravate
1021 2915 1088 2971 latui
1113 2917 1212 2986 ingenii
1234 2926 1263 2973 et
1281 2913 1383 2984 jndicio
1403 2917 1525 2972 carentis
1551 2919 1656 2974 studia?
1673 2921 1760 2988 Quam
1785 2926 1814 2982 iu

183 3002 382 3057 remanserunt.
395 2993 484 3062 Quare
497 2992 630 3062 primum,
644 2997 675 3043 ut
688 3004 732 3045 res
744 3004 774 3045 se
787 2989 879 3054 babet,
895 3004 971 3045 eom-
1020 2985 1132 3058 proclivi
1148 2985 1197 3041 luit
1212 2996 1242 3042 ut
1258 2986 1431 3058 popularibus
1443 2994 1471 3042 et
1489 2988 1579 3044 idiotis
1596 2990 1742 3061 impostura
1763 2994 1813 3050 lie-

182 3070 281 3143 psndio
291 3066 407 3123 referam
420 3077 474 3133 quo
490 3062 570 3117 modo
584 3059 675 3115 omnia
695 3068 834 3116 transacta
847 3058 971 3116 luerint:
1022 3064 1063 3111 ret
1078 3058 1113 3113 ab
1130 3055 1262 3112 idolorum
1283 3056 1387 3122 labris,
1408 3072 1468 3127 quae
1486 3066 1577 3128 postea
1596 3075 1704 3132 semper
1718 3079 1815 3121 erexe-

182 3139 280 3197 deinde
298 3134 450 3193 testimonia
464 3140 492 3187 et
505 3131 675 3187 firmamenta
689 3129 825 3201 proteram
846 3129 881 3184 ad
893 3128 972 3198 bujm
1021 3136 1085 3181 runt
1095 3127 1123 3209 in
1132 3127 1310 3192 suisaedibus,
1320 3135 1348 3182 et
1357 3127 1543 3209 ponentibus,
1554 3129 1712 3201 pollutisque
1723 3134 1816 3204 depre-

181 3207 272 3282 opcris
291 3205 478 3263 certitudinem
503 3200 676 3256 astruendam
697 3215 713 3254 a
732 3207 807 3255 tanto
824 3201 971 3258 monarcha
1020 3198 1140 3252 catorin.
1161 3196 1229 3252 Nam
1245 3213 1292 3253 eos
1304 3198 1367 3252 bom
1382 3197 1509 3253 bectens
1555 3211 1642 3257 stores
1659 3217 1712 3259 non
1732 3205 1812 3262 tuiis-

180 3278 307 3351 prolecti,
329 3275 376 3345 qui
390 3271 499 3331 Occidui
521 3269 627 3342 imperii
646 3270 811 3332 architectus
827 3268 891 3337 luit,
916 3269 972 3339 iam
1020 3276 1090 3322 sent.
1104 3266 1174 3350 Quin
1184 3282 1246 3323 cum
1257 3267 1435 3323 inolescerent
1445 3267 1515 3328 simu
1527 3285 1589 3325 aera
1601 3276 1811 3342 supramodum,

182 3364 256 3406 nunc
268 3348 295 3403 in
308 3345 377 3402 duas
395 3357 509 3400 coronas
527 3341 636 3397 dissecti
655 3350 683 3394 et
695 3340 798 3406 laceri,
817 3337 970 3395 Germanici
1020 3336 1092 3407 qnod
1118 3338 1146 3393 vd
1168 3337 1291 3407 exemplo
1315 3337 1434 3396 loturum
1451 3341 1623 3405 censebatur,
1645 3356 1738 3398 corum
1753 3345 1813 3400 visu

181 3427 212 3475 et
223 3417 318 3475 Gallici
338 3432 346 3469 z
364 3413 436 3484 quod
447 3412 574 3468 nimirum
586 3425 654 3481 opus
674 3410 767 3466 mirari
777 3425 881 3478 nequeo
906 3411 971 3466 sads
1020 3406 1193 3463 interdictum
1212 3417 1263 3470 est,
1282 3406 1410 3476 fuereque
1428 3410 1577 3478 proscripta
1589 3411 1670 3466 etiam
1688 3429 1703 3466 a
1723 3415 1813 3481 priva·

182 3482 540 3554 tandiuuoncoruparuisse,
552 3478 971 3550 aciutamproiundaoblivionc
1020 3477 1055 3531 tis
1076 3487 1103 3530 et
1122 3477 1224 3532 intimis
1245 3478 1349 3533 adibus
1367 3478 1534 3548 singulorum
1552 3494 1560 3533 ι
1578 3496 1640 3535 cum
1664 3481 1708 3538 illo
1729 3485 1812 3539 etiam

181 3557 317 3614 delossum
332 3569 417 3626 usque
433 3552 554 3607 latuisse.
570 3550 623 3606 Sed
632 3548 690 3618 jam
704 3550 880 3619 accipequod
893 3551 970 3621 expi·
1019 3546 1128 3612 meula,
1155 3548 1294 3602 sanctione
1316 3547 1412 3618 synodi
1432 3547 1605 3615 Elibertinae,
1632 3561 1734 3607 coactae
1758 3569 1812 3608 non

180 3635 273 3684 scates
286 3642 356 3692 sam,
370 3624 418 3696 qui
428 3622 582 3686 simulacra,
598 3635 659 3690 qum
677 3620 776 3690 passim
787 3618 970 3689 inscriptura,
1019 3615 1124 3686 longea
1140 3615 1276 3688 Pyrenaeis
1296 3614 1378 3687 jugis,
1403 3617 1438 3671 ab
1461 3618 1587 3676 ornnibus
1610 3622 1717 3690 templis
1736 3624 1812 3679 abie-

180 3698 318 3753 mnonime
336 3699 509 3750 monumenta
524 3690 608 3746 relata
624 3698 687 3744 sunt
699 3704 749 3760 pro
767 3687 928 3757 rejectaneis
941 3697 970 3745 et
1018 3693 1087 3757 gatae
1098 3684 1199 3741 fuerint
1211 3687 1324 3757 picture
1335 3700 1430 3743 omnes
1440 3695 1468 3743 et
1478 3700 1627 3760 expunctae.
1640 3690 1699 3759 Quo
1709 3694 1810 3760 aniano,

180 3767 237 3823 lieo
254 3764 475 3824 detestabilibus,
492 3762 527 3816 ob
550 3760 685 3830 copiosam
706 3759 925 3830 superstitionum
941 3767 970 3815 et
1018 3771 1120 3839 quaeso,
1134 3759 1269 3813 colosseas
1282 3756 1349 3813 istas
1360 3766 1463 3813 statuas
1477 3766 1504 3813 et
1520 3767 1611 3816 vastas
1621 3761 1752 3833 imagines
1773 3771 1814 3818 tu·

179 3837 317 3893 massonis
330 3848 446 3890 messem
459 3831 487 3886 in
497 3830 677 3887 Christianam
691 3828 884 3899 rempublicam
899 3829 967 3884 irre-
982 3842 1005 3902 Β
1018 3826 1113 3881 assent
1129 3828 1215 3882 sancti
1228 3826 1265 3881 iili
1278 3827 1386 3896 patres?

179 3909 284 3977 pserint
302 3905 392 3975 ibique
410 3899 601 3957 radicarerint.
616 3898 675 3954 iam
690 3913 755 3954 vero
770 3896 895 3954 cbristus
906 3906 967 3970 post
1053 3895 1114 3952 istis
1127 3897 1297 3953 cautionibus
1319 3912 1411 3953 nona
1466 3898 1555 3955 ievere
1577 3899 1623 3955 aiii
1647 3915 1698 3957 suo
1709 3901 1812 3972 jndicio

178 3976 379 4046 supplantatam
393 3971 482 4029 crucis
497 3967 791 4039 suaepronrotuuaim
809 3968 898 4038 gentis
909 3984 969 4024 cer·
1017 3965 1197 4048 iniquisque
1215 3974 1318 4021 cuntes
1329 3913 1500 4037 θιάβίᾛιιῐ
1520 3970 1548 4024 itt
1569 3970 1597 4030 id
1609 3973 1744 4026 asservari
1759 3973 1811 4028 sibi
1848 3979 1851 3984 ⁴

180 4047 280 4102 eiectae
291 4053 320 4101 et
341 4042 490 4099 calcitrasse
502 4039 657 4095 violenciam
674 4045 701 4093 et
723 4038 842 4104 rabiem,
856 4037 969 4109 ejusque
1017 4037 1200 4106 autpriraum
1211 4036 1334 4103 retineri,
1346 4053 1401 4093 non
1417 4046 1447 4093 ut
1460 4053 1507 4095 eas
1518 4039 1663 4096 adorarent
1674 4051 1724 4097 aut
1734 4057 1809 4098 reve-

178 4114 322 4172 conlertim
340 4127 447 4197 [ιειιυιιι
467 4110 571 4165 ruentis
584 4116 612 4163 et
626 4109 660 4163 ad
674 4108 884 4164 internecionem
902 4124 967 4233 pro-
1019 4117 1154 4186 cenentur,
1168 4121 1263 4162 verum
1273 4108 1395 4178 pignoris
1405 4114 1511 4163 tautum
1522 4124 1587 4180 ergo
1600 4120 1628 4166 m
1643 4114 1809 4168 monumenp

178 4186 299 4255 peram
316 4183 488 4244 massionem,
512 4179 641 4249 apostolis
662 4187 772 4234 strenue
797 4188 824 4233 et
851 4178 904 4234 tide
915 4180 968 4235 iter
1018 4176 1157 4245 omasum
1171 4191 1179 4231 a
1195 4178 1266 4233 uude
1283 4185 1388 4233 tanum
1411 4179 1517 4234 turbam
1540 4183 1810 4250 atquepartescsci·

179 4255 434 4325 Pffltinciemsuum
448 4249 619 4314 obeunnbus,
636 4250 844 4320 tropacumapnb
857 4247 968 4305 Grecos
1018 4253 1120 4312 tarum,
1141 4255 1171 4302 ut
1192 4247 1238 4302 alii
1260 4248 1369 4303 modum
1394 4249 1560 4320 supergressi
1575 4265 1621 4306 eas
1639 4253 1808 4322 extulerint,

177 4324 296 4392 sustulit,
308 4318 711 4394 geousbomioumsnpralldem
722 4318 883 4375 idolotatria
893 4334 968 4374 mau-
1016 4316 1061 4372 alii
1079 4325 1173 4372 contra
1183 4318 1327 4387 perniciosi
1340 4319 1454 4388 exempli
1464 4333 1525 4374 esse
1534 4321 1688 4378 statuerint.

179 4394 297 4477 cipetum
315 4404 343 4450 et
354 4399 535 4448 auctoratum.
549 4390 647 4445 Verum
664 4404 718 4444 non
731 4390 768 4443 ita
779 4388 908 4444 radicitus
916 4403 965 4445 es·
1052 4386 1092 4443 Ac
1109 4396 1167 4444 turn
1182 4387 1316 4456 pendebat
1338 4389 1581 4460 causm‚bonitasa
1597 4392 1686 4449 studio
1705 4401 1733 4449 et
1745 4407 1810 4463 pro-

177 4472 291 4535 turpata
306 4463 356 4519 luit
371 4460 541 4544 superstitio,
558 4459 623 4529 quin
638 4458 764 4514 radiculae
776 4457 878 4526 aliquot
890 4459 968 4514 resti-
1016 4456 1145 4527 pensione
1156 4457 1319 4529 principum,
1332 4472 1415 4529 penes
1430 4473 1498 4528 quos
1514 4476 1605 4516 rerum
1627 4477 1732 4519 marma
1746 4478 1809 4519 rer-

177 4535 268 4589 terint.
285 4534 353 4588 Tum
368 4532 413 4588 ubi
424 4545 487 4586 vera
509 4528 603 4600 religio
616 4528 800 4584 defervescere
815 4539 903 4599 empta
923 4536 966 4586 est
1018 4528 1110 4593 ubst,
1133 4529 1332 4598 superabatque
1351 4543 1417 4655 &aa
1435 4529 1521 4585 altera
1533 4532 1664 4599 pompeia,
1691 4532 1811 4590 [aarum

176 4610 203 4658 et
223 4602 387 4674 refrigerari,
398 4600 567 4656 occasionem
581 4599 729 4655 nacisunt
743 4614 773 4653 re
819 4600 968 4669 endmpau-
1016 4606 1093 4652 sexta
1107 4598 1339 4669 primumsynodo
1390 4600 1660 4669 nstantinopolitana,
1676 4602 1811 4659 Constan-

176 4672 251 4728 latim
276 4670 451 4743 turpitudinis
467 4678 494 4726 ct
511 4666 646 4734 inlamiae,
670 4668 896 4740 quemamodum
918 4684 965 4726 sus
1016 4667 1074 4722 tino
1092 4675 1120 4723 et
1143 4665 1295 4726 iustiniano
1319 4666 1378 4737 ejus
1402 4668 1487 4725 iratrc
1513 4684 1604 4726 rerum
1629 4674 1807 4743 potientibus,

175 4741 230 4798 lota
244 4757 338 4798 rursus
351 4741 378 4797 iu
392 4740 561 4797 volutabrum
574 4740 645 4795 emni
656 4737 833 4808 provolvitur.
1016 4738 1164 4794 secundum
1185 4738 1246 4795 ilias
1262 4739 1395 4810 imagines
1409 4746 1497 4796 actam
1508 4755 1620 4796 causam
1633 4758 1694 4801 esse
1709 4753 1736 4799 et
1747 4758 1810 4815 pro-

210 4811 330 4868 Primum
348 4825 410 4868 cum
429 4809 552 4880 plerique
572 4809 651 4864 bodie
672 4817 727 4863 tam
745 4807 849 4878 perdite
864 4809 963 4865 conosi
1015 4808 1229 4864 nuntiatamzut
1254 4817 1309 4863 tum
1333 4809 1536 4884 [undamentum
1556 4809 1673 4878 jecerint
1698 4821 1725 4869 et
1754 4828 1810 4870 cm·

174 4879 333 4947 sidrantur,
346 4889 374 4937 ct
393 4880 555 4950 conquirant
580 4878 758 4947 eamusque
773 4884 801 4932 et
821 4877 965 4949 diligenter
1014 4877 1104 4949 perint
1124 4879 1256 4935 obtinere.
1282 4879 1382 4934 Verum
1395 4881 1511 4936 exactis
1528 4878 1600 4937 illius
1625 4883 1809 4954 synodique

173 4960 314 5007 mserveut
333 4966 383 5022 pro
401 4965 464 5006 rara
483 4946 599 5019 quadam
614 4956 644 5008 et
662 4946 771 5003 visenda
785 4947 961 5017 supellectile,
1013 4948 1167 5018 posteritati
1183 4947 1286 5018 reliqua
1308 4946 1380 5004 lacta
1405 4956 1487 5014 sunt,
1512 4950 1579 5004 nibil
1597 4953 1664 5007 mibi
1682 4959 1808 5007 censure

173 5029 297 5076 veterum
310 5020 503 5091 imperatorum
521 5026 568 5073 aut
590 5017 703 5076 aliorum
719 5017 876 5087 quorumvis
890 5018 962 5074 cele-
1013 5025 1112 5088 potest,
1125 5026 1153 5074 et
1165 5017 1285 5073 adducor
1307 5026 1337 5072 ut
1358 5019 1466 5075 ωιάιιιιι
1481 5016 1528 5087 jus
1539 5022 1705 5089 pontilicium
1724 5021 1808 5091 septi·

172 5089 354 5151 berrimorum
383 5097 412 5144 et
442 5088 717 5145 nominatissimorum
745 5087 865 5142 virorum
894 5086 962 5143 edl-
1013 5104 1086 5142 marn
1099 5087 1384 5159 soluisseailegatam,
1397 5087 1564 5146 calcamus
1579 5091 1806 5162 magnusbellum

172 5159 231 5230 gies
252 5160 335 5216 etiam
357 5158 544 5223 ethnicorum
567 5158 714 5228 quinetiam
735 5157 961 5228 quemadmodum
1013 5156 1120 5213 indixit.
1141 5155 1224 5228 btqui
1243 5170 1365 5213 veterum
1386 5166 1561 5215 monumenta
1576 5160 1655 5217 iidem
1677 5162 1743 5216 mibi
1766 5159 1807 5217 ia·

171 5244 227 5284 uon
248 5230 334 5285 solum
346 5230 508 5288 Ιίιιιιιιιιειιιι
521 5236 549 5284 et
561 5227 578 5283 u
602 5244 674 5283 rram
686 5227 806 5283 absentis
822 5225 962 5296 cujusdam
975 5202 999 5267 C
1014 5227 1108 5292 ciunt,
1131 5224 1391 5298 Gouuantinopoliuv
1402 5236 1478 5285 muta
1490 5231 1634 5297 exarsisse,
1646 5239 1755 5301 tamque
1767 5229 1808 5287 ie·

171 5306 218 5353 aut
244 5297 410 5364 latoiuaeti.
425 5244 648 5355 eu‘nsoesiferio
661 5307 688 5354 et
705 5312 798 5352 amore
821 5306 960 5363 miremur,
1014 5296 1064 5352 rali
1089 5312 1247 5380 mucussam
1268 5299 1441 5356 mntentione
1462 5301 1496 5355 de
1516 5301 1664 5371 imaginum
1687 5301 1805 5368 cultura,

170 5369 311 5424 sedetiam
325 5384 512 5431 munuseuum
534 5367 592 5436 cius
603 5366 711 5437 aliquod
722 5368 876 5436 reponimus
890 5369 961 5424 inter
1012 5377 1043 5423 ut
1056 5368 1106 5438 ipss
1119 5375 1200 5423 stram
1214 5376 1390 5438 imperatores
1400 5386 1490 5426 rerum
1498 5370 1743 5427 ecclesiasticarum
1753 5380 1807 5426 sat-

170 5452 203 5492 es
218 5454 280 5508 qum
296 5439 373 5497 nobis
396 5447 576 5523 magnasunt
596 5438 623 5492 in
645 5438 733 5509 pretio
753 5437 831 5493 :hoc
847 5440 959 5495 obtentu
1012 5439 1156 5510 agitantes,
1168 5453 1222 5492 non
1242 5437 1337 5494 leuiter
1352 5441 1406 5495 sint
1419 5438 1575 5505 conflictati,
1587 5450 1716 5511 tantaque
1726 5442 1806 5497 turba

169 5505 275 5579 clugies
293 5508 393 5564 Christi
417 5516 499 5565 etrum
524 5508 621 5578 ipsius,
648 5517 679 5561 ut
699 5506 831 5572 serebant,
846 5509 959 5579 virginis
1011 5508 1142 5565 defuncti.
1164 5507 1329 5591 Philippicas
1351 5510 1489 5565 Bardones
1511 5511 1692 5568 comminutas
1719 5513 1806 5568 sacris

170 5578 281 5641 matris,
300 5578 484 5649 apostolorum
497 5585 525 5632 et
545 5577 710 5647 reliquorum
723 5578 769 5648 qui
780 5578 959 5647 provehenda
1010 5578 1114 5635 adibus
1125 5586 1280 5634 summovit.
1290 5578 1350 5645 Quo
1362 5580 1482 5636 facinore
1491 5579 1518 5635 in
1529 5596 1662 5637 summam
1675 5582 1804 5639 iuvidiam

168 5648 331 5718 eravrgelice
355 5648 486 5704 doctrinm
509 5648 606 5703 bonam
632 5662 649 5702 o
684 5662 743 5702 ram
771 5656 957 5713 novaverant,
1010 5650 1183 5705 adductuset
1196 5647 1352 5705 exoculatus
1361 5651 1396 5705 ab
1405 5649 1550 5705 Anastasio
1562 5651 1656 5720 pulsus
1672 5661 1724 5718 est,
1739 5654 1807 5707 ima-

168 5716 289 5773 studioso
304 5717 414 5787 quidam
429 5717 596 5781 retinebant,
673 5717 710 5771 ita
726 5725 816 5771 tamen
829 5726 858 5771 ut
871 5733 958 5801 neque
1012 5719 1089 5789 gines
1111 5726 1308 5801 propugnante.
1336 5719 1432 5776 Postea
1456 5736 1473 5778 a
1495 5720 1648 5778 Theodosio
1671 5724 1805 5779 restituta

168 5787 307 5844 sanctitati
324 5802 411 5860 neque
427 5786 606 5860 religiouieas
623 5794 769 5844 verterunt.
781 5788 831 5856 itui
846 5789 955 5861 religio·
1008 5797 1083 5858 suut,
1098 5789 1208 5847 bamam
1229 5789 1345 5849 obscuro
1362 5800 1389 5849 et
1402 5791 1529 5865 ignobili,
1549 5791 1584 5850 ab
1604 5791 1740 5851 anastasii
1757 5794 1804 5847 at·
