4050 6192
236 198 293 256 tia
686 198 714 248 ll.
734 194 859 251 cattoit
879 191 988 248 MAGNI
1006 189 1081 248 0PP.
1102 185 1195 244 rius
1210 188 1232 244 ζ.
1254 187 1375 246 όΕΟΤΙΟ
1393 188 1437 245 itt.
1708 205 1714 218 ·
1804 191 1849 254 tit

236 319 338 371 tiarueut
349 308 450 367 Paulus
461 310 487 374 l,
502 308 655 379 Stephanus
666 305 698 361 ill
710 315 738 361 et
750 306 894 362 Adrianus.
911 303 1034 374 Namque
1047 305 1073 365 Α
1085 302 1198 359 redditae
1218 302 1400 356 inueniuntur.
1429 300 1465 356 At
1481 301 1613 364 carolus,
1639 299 1694 358 tan
1710 302 1850 364 obardorun
1898 275 1906 330 f

236 386 333 443 lisdem
347 381 508 447 latentibus,
545 380 598 434 uod
613 391 711 448 negare
725 391 778 432 non
793 383 921 447 possunt,
942 375 1034 444 Pippl-
1085 373 1400 445 regebesideriocapto,
1413 386 1655 454 eorurnquereqno
1669 387 1700 428 au
1772 375 1851 440 ,inte-

236 459 318 514 uiana
332 451 443 510 donatio
457 394 619 506 exurebatur
637 457 665 502 ct
683 446 838 517 Pentapolis
852 446 950 501 linibus
969 460 1034 500 con·
1085 457 1162 515 gram
1173 450 1277 498 *sancta
1290 441 1348 498 sedi
1362 442 1534 525 dentationum
1545 442 1699 498 vindicarit.
1721 442 1764 499 llel
1782 451 1854 507 tester

236 526 406 589 eludebatur,
417 524 451 579 de
460 520 579 576 Adriano
588 518 683 573 colent
694 524 721 573 et
730 530 887 575 successore
899 514 990 570 Leone
1000 513 1035 569 lll
1085 521 1149 570 sunt
1172 513 1238 569 (iod.
1255 511 1320 568 (lar.
1333 511 1454 582 cosule
1479 512 1539 569 duee
1563 512 1620 583 (lii,
1644 511 1687 579 ot,
1700 510 1733 567 al.
1749 512 1789 579 il,
1803 515 1853 599 ii),

237 596 389 656 debiscere
402 591 511 664 quidem
523 590 643 646 audent:
661 588 767 643 tametsi
779 588 832 644 alia
844 586 886 640 uis
901 585 1036 655 principa·
1084 595 1186 656 pauoos
1196 592 1257 654 post
1281 591 1388 638 monem
1408 597 1424 636 a
1445 581 1536 639 Garuli
1557 595 1668 639 recessu
1688 582 1766 649 date,
1788 600 1854 656 quau

238 678 296 726 tum
314 666 422 722 eludere
439 660 538 731 aliquis
553 673 647 715 eorum
665 657 844 730 periclitetur,
863 655 934 782 quod
947 655 1036 738 'urber-
1084 653 1221 711 adrianus
1241 652 1298 724 regi
1317 652 1424 736 nuntiat
1444 652 1542 709 leonis
1566 652 1686 735 arebiep3
1710 651 1856 712 Rauennatis

238 740 306 795 rime
325 731 508 794 demonstravi
529 731 557 786 iu
576 728 648 784 notis
667 728 700 783 ad
719 726 846 783 Codicem
888 725 1033 780 arolrnum.
1085 725 1252 781 invasionem
1278 721 1428 787 Fruentroe,
1451 721 1557 788 incole,
1576 722 1717 785 Percurre,
1735 721 1855 792 sarone,

237 809 328 877 Quare
344 805 427 878 iqitnr
439 801 568 860 Gratiano
584 799 723 854 adherere
740 797 848 863 malint,
866 796 912 866 qui
929 797 1035 865 primus
1086 810 1190 852 neuton
1211 793 1312 858 adriae,
1330 805 1380 847 seu
1392 790 1505 856 donli,
1522 793 1551 847 in
1569 807 1623 863 qna
1640 792 1759 848 comitem
1770 794 1857 850 musti·

236 878 327 952 posuit
346 875 457 940 nostris,
473 886 555 943 quam
579 868 715 926 constanti
737 868 860 925 codicum
880 865 1036 921 testimonio
1086 863 1361 922 tuerat-dominicum
1383 860 1436 917 sibi
1455 877 1470 916 a
1489 861 1587 919 Garolo
1611 863 1815 918 commendatum
1833 864 1859 920 iu

237 947 481 1071 ⁵⁸³q⁰⁰2¹³⁵⁰fd¹¹¹ffl
493 938 671 1066 contiessioui,
686 954 740 994 nou
753 936 861 995 difficile
875 942 954 1007 captu
967 944 1010 991 est
1025 951 1032 987 ι
1085 933 1298 1061 feredassiitbffineau
1307 928 1860 1071 fflffiffiffi‘ffifflffl'

416 1032 423 1070 ι
475 1027 559 1067 rcun.
1097 1024 1104 1061 ι
1850 1041 1860 1058 .

237 1030 420 1171 Μὲἒῃῖίὶψ.
438 1079 614 1139 budouiciani
639 1078 793 1150 diplomatis
814 1084 896 1147 caput
918 1075 1035 1130 alterum
1086 1076 1124 1132 lle
1149 1083 1266 1146 quatuor
1291 1073 1383 1129 autem
1408 1072 1651 1144 Pentapoleusibns
1675 1072 1738 1141 quin
1761 1073 1862 1142 perinde

238 1156 344 1230 Pipptni
364 1154 535 1212 donatiouem
549 1151 636 1222 ipsam
653 1149 772 1212 exbibet,
788 1162 842 1203 non
857 1145 964 1217 qualem
984 1145 1036 1201 Ca·
1087 1157 1168 1208 esset,
1182 1158 1263 1201 omne
1275 1150 1402 1198 amovent
1416 1141 1527 1198 dubium
1543 1143 1645 1199 οωᾱοιιι
1662 1140 1763 1207 litterae,
1774 1142 1814 1211 qu·

239 1227 328 1284 risiaci
343 1226 443 1281 iaemm
456 1236 518 1280 esse
532 1222 650 1277 diximus
671 1234 743 1274 anno
756 1217 818 1284 itt,
841 1226 868 1272 et
889 1231 906 1271 a
927 1215 1036 1286 Pippiui
1086 1217 1184 1286 qulbus
1197 1223 1340 1284 utramque
1357 1211 1526 1281 Pentapolim
1543 1213 1576 1268 ub
1590 1212 1708 1267 Arimino
1725 1227 1800 1294 atquc
1836 1229 1865 1266 ιι-

238 1299 344 1355 duobus
367 1294 430 1351 liliis
453 1290 550 1349 (larcio
564 1299 593 1346 et
608 1288 807 1345 Carolomauno
830 1287 1033 1347 conilrmatant,
1086 1285 1230 1358 prebinmln
1247 1284 1300 1338 ilde
1313 1281 1467 1352 apostolicae
1485 1283 1560 1338 sedis
1576 1282 1723 1351 persistere
1742 1281 1864 1358 argolica

238 1368 286 1424 sed
300 1366 407 1439 qualem
418 1362 532 1420 Carolus
547 1361 660 1431 Magnus
677 1359 770 1415 Romae
781 1356 952 1413 contumuit
963 1371 1037 1411 anuo
1087 1366 1141 1410 tur.
1165 1354 1303 1410 Praeterea
1327 1351 1496 1406 territorium
1520 1367 1569 1407 ceu
1646 1351 1718 1407 ‘dum
1745 1351 1864 1410 tdrmse

239 1434 302 1492 lid,
317 1436 397 1491 Prior
407 1433 513 1488 scillcet
524 1433 552 1486 in
565 1430 676 1486 archivo
696 1427 825 1484 Ecclesim
844 1425 1037 1480 lateranensis
1087 1423 1242 1493 coniugium
1264 1421 1348 1479 fuisse
1372 1421 1493 1490 quinque
1514 1421 1604 1476 Caroli
1686 1421 1722 1477 tis
1744 1420 1771 1475 in
1789 1421 1867 1476 Bena-

239 1503 283 1563 ‹ld'
304 1501 445 1557 entissime
461 1500 673 1563 custodiebatur,
695 1513 758 1553 eum
770 1497 1036 1567 uigintipostannos
1086 1501 1202 1549 centana
1221 1491 1413 1554 commotione,
1434 1504 1469 1546 ex
1488 1490 1550 1548 aliis
1572 1490 1674 1548 litteris
1696 1489 1750 1562 (ot,
1770 1490 1804 1547 al.
1823 1491 1865 1562 it)

239 1589 288 1628 sen
317 1570 351 1625 'tl
362 1569 475 1624 Carolus
486 1567 596 1622 ueniens
609 1567 723 1621 liomam
740 1566 1037 1634 «promissionemque
1088 1564 1183 1634 liquet.

239 1641 267 1696 in
284 1638 400 1695 Francia
415 1636 442 1691 in
455 1635 514 1691 loco
528 1636 574 1705 qul
587 1641 700 1690 uocatur
713 1634 869 1691 Curisiacus
889 1633 961 1688 lacta
980 1639 1033 1698 est,
1122 1632 1193 1687 xvt.
1215 1629 1366 1695 dimiliam,
1379 1631 1495 1701 inquies,
1519 1631 1591 1686 inter
1611 1630 1735 1687 ciuitates
1759 1629 1867 1702 reliqum
1916 1640 1920 1648 ·

240 1709 292 1765 sibi
301 1706 384 1789 relegi
396 1704 514 1766 lecisset,
528 1703 748 1773 complacuerunt
759 1702 808 1771 illi,
825 1710 854 1757 et
867 1701 925 1771 eius
937 1701 1037 1782 judici·
1049 1671 1075 1735 Β
1087 1699 1220 1756 nominari
1235 1715 1288 1755 non
1304 1700 1381 1758 video
1395 1702 1423 1757 iu
1437 1701 1505 1757 (lod.
1518 1700 1656 1767 mnino,
1691 1717 1732 1758 tte
1750 1703 1868 1758 mudum

241 1780 292 1834 bus
301 1791 392 1834 omnia
441 1771 788 1838 aeibidemerautaduexa,
803 1791 813 1824 ι
830 1771 1036 1827 utestinlrbro
1085 1782 1148 1840 post
1161 1770 1316 1825 Rauennam
1330 1772 1450 1827 occurrit
1464 1774 1492 1826 ln
1506 1771 1681 1854 diplomate.
1703 1771 1870 1827 'umemuero

242 1844 392 1904 Pontilicaii
404 1790 494 1926 (istem.
513 1842 587 1926 biiii,
609 1857 692 1925 quam
714 1842 809 1911 utique
837 1860 847 1891 ι
861 1840 969 1912 propria
986 1854 1036 1894 suu
1086 1850 1114 1895 et
1127 1842 1154 1896 in
1170 1839 1286 1923 laudatis
1307 1841 1430 1922 epistolis
1443 1850 1471 1897 ct
1482 1841 1546 1898 alibr
1560 1842 1700 1913 comperio
1716 1841 1869 1898 amaneu

243 1931 323 1973 manu
350 1916 408 1986 ipse
431 1914 680 1970 christianissimus
708 1910 875 1967 Francorum
901 1925 948 1966 ιιι
972 1924 1034 1965 eam
1086 1910 1157 1977 lieri,
1183 1917 1222 1965 utr
1242 1913 1400 1992 provrneiae.
1416 1910 1507 1979 Quare
1523 1912 1645 1967 arbitror
1665 1912 1870 1982 eboroqrmbnn

237 1987 437 2058 corroborans,
467 1983 609 2038 uniuersos
638 1981 788 2052 episcopos,
809 1980 932 2047 abbates,
949 1979 1034 2034 duces
1086 1980 1170 2036 italie
1185 1980 1267 2036 medai
1284 1978 1335 2036 eri
1359 1982 1534 2038 uehementer
1551 1981 1729 2039 allucinatum
1745 1995 1813 2048 naue,
1828 1979 1871 2037 ubi

238 2059 322 2114 όιὶιιιι
334 2054 524 2126 etgrapbones
539 2053 566 2108 in
581 2067 612 2108 ca
632 2053 732 2108 ascribi
756 2049 830 2107 lecit.
852 2049 939 2118 Quam
960 2049 1037 2120 prius
1087 2050 1254 2121 provinciam
1266 2048 1294 2105 in
1312 2050 1451 2107 civitatem
1465 2059 1625 2109 matertere
1639 2052 1744 2123 primus
1758 2050 1870 2107 omnium

237 2142 321 2200 super
343 2127 430 2181 altare
449 2123 524 2181 beati
548 2122 640 2188 Petri,
664 2129 693 2177 et
718 2121 890 2192 postmodum
910 2122 985 2175 intus
1007 2119 1035 2174 in
1086 2129 1129 2176 est
1146 2135 1240 2177 ausus.
1265 2119 1320 2177 lice
1340 2119 1712 2194 lalieriszdeeeptusetego
1730 2121 1793 2178 adm
1813 2135 1870 2178 oum

239 2207 335 2254 sancta
355 2195 415 2267 eius
434 2191 604 2251 confessione
618 2200 758 2263 ponentes,
772 2200 828 2247 tarn
846 2192 904 2261 ipse
918 2189 1038 2245 drauco-
1086 2191 1176 2247 alliso
1195 2191 1314 2246 ‘aionem
1326 2191 1406 2247 istam
1421 2207 1483 2248 sum
1495 2192 1647 2263 amplexus.
1661 2191 1760 2260 Quldtri
1773 2189 1871 2248 antemi

237 2279 301 2326 rum
314 2281 363 2324 rex
376 2280 458 2337 quam
473 2263 533 2332 eius
545 2261 664 2331 iudices,
686 2263 765 2318 beatu
784 2260 866 2317 Petro
880 2269 908 2315 ct
921 2259 980 2330 ejus
995 2259 1039 2312 ui·
1087 2207 1270 2317 drangarum
1291 2261 1494 2332 augustioribus
1507 2262 1651 2319 terminari
1665 2262 1795 2318 limitibus
1806 2259 1873 2316 ride-

238 2338 314 2397 eurio
333 2336 507 2393 sanctissimo
530 2331 650 2388 Adriano
666 2346 757 2403 papae,
781 2339 953 2387 sacramento
975 2343 1036 2384 sese
1087 2331 1148 2387 barn
1176 2338 1297 2402 tempore
1319 2329 1560 2404 Langobardomm
1588 2347 1674 2403 quam
1698 2332 1872 2388 Romanorum

239 2408 331 2465 omnia
353 2413 637 2472 conservatoresque
652 2401 787 2457 ineadem
806 2401 951 2458 donatione
970 2414 1037 2455 eon-
1086 2401 1251 2472 reipublice,
1274 2400 1467 2471 AEmtttanque
1480 2403 1649 2471 prouinciam
1670 2401 1797 2474 bipertito
1813 2399 1876 2456 diri·

239 2474 371 2541 tinentur,
387 2475 586 2545 promittentes,
602 2471 782 2538 tradiderunt,
797 2490 808 2524 ι
824 2479 855 2525 nt
869 2470 976 2542 legebat
985 2484 1037 2525 suo
1086 2486 1145 2526 sam
1159 2472 1292 2543 usquead
1305 2471 1435 2528 Bononiae
1447 2472 1616 2530 territorium
1631 2472 1719 2529 italici
1732 2470 1806 2543 requi
1849 2485 1874 2524 r-

238 2564 297 2605 :euo
307 2545 430 2610 Albinus,
443 2558 579 2614 paruoque
590 2556 651 2598 cum
663 2540 820 2623 discrimine
831 2541 931 2595 babent
939 2554 1038 2622 omncs
1086 2528 1255 2608 temiaoerc,
1274 2542 1337 2598 inde
1354 2557 1420 2598 vero
1436 2542 1615 2599 exat-ebatum
1637 2542 1692 2602 inei
1728 2555 1768 2598 re.
1791 2484 1874 2598 ubba

239 2618 318 2676 codd.
339 2625 396 2672 tum
413 2615 488 2677 editi,
505 2622 563 2668 tum
581 2627 647 2669 mss.
667 2611 783 2667 botrano
797 2621 853 2666 tarn
866 2611 1034 2676 solemmter,
1087 2619 1178 2666 tumen
1199 2611 1289 2667 minus
1312 2610 1452 2668 AEmiliam
1467 2612 1636 2670 absoluteeo
1708 2609 1877 2682 iapostolima

241 2698 296 2745 tam
310 2694 403 2744 sancte
418 2685 576 2742 corriirmata
590 2699 605 2737 a
617 2683 716 2738 carolo
734 2696 815 2752 quam
829 2680 966 2736 Adrianus
980 2694 1035 2735 non
1086 2680 1144 2737 sedi
1154 2683 1353 2752 comperiebam
1369 2682 1396 2737 in
1411 2682 1463 2739 boc
1472 2681 1632 2752 diplomate,
1648 2682 1723 2754 quod
1734 2680 1874 2750 legitimum

238 2760 332 2825 manci,
347 2773 398 2813 nec
417 2755 518 2825 injuria
541 2753 698 2809 oblationem
713 2751 932 2808 etlrolocoastam
944 2748 1039 2820 appel·
1087 2766 1148 2808 esse
1162 2760 1202 2807 tot
1215 2752 1281 2808 uiris
1297 2753 1463 2809 doctissimis
1481 2752 1570 2808 visum
1591 2763 1654 2810 erat
1666 2768 1675 2808 t
1689 2752 1764 2808 bisce
1784 2751 1812 2806 ln
1832 2765 1876 2804 an-

239 2831 276 2886 lat
296 2830 324 2885 in
342 2827 452 2891 litteris,
476 2825 659 2896 nequidquam
682 2821 748 2878 aiibi
767 2823 913 2893 queritur,
933 2835 988 2876 uno
1006 2820 1035 2875 iu
1123 2820 1184 2878 stiis
1197 2823 1263 2892 quid
1279 2822 1419 2879 lacerem?
1438 2822 1590 2893 Singularis
1611 2831 1696 2895 atque
1716 2829 1795 2878 aratu
1807 2821 1877 2876 irau-

238 2898 422 2957 lmdorieiauo
436 2895 582 2966 diplomate
603 2900 693 2948 exstat
714 2892 829 2963 integra.
855 2890 1036 2962 Diligentissi·
1106 2892 1143 2947 ita
1157 2892 1280 2948 doctrina
1293 2894 1408 2964 emergit
1418 2894 1608 2965 cbomqrapbi,
1620 2893 1743 2965 optimis,
1754 2900 1785 2947 ut
1795 2890 1877 2961 punto

240 2985 302 3026 tuus
316 2977 439 3024 ueterum
459 2973 696 3020 monumentorum
719 2962 849 3019 collector
873 2961 1036 3017 Franciseus
1087 2970 1199 3033 aspectu
1221 2964 1356 3027 uidentur,
1382 2963 1533 3020 rationibus
1550 2964 1702 3033 provincie
1725 2975 1879 3019 numerau-

239 3035 403 3096 Blancbinus
420 3052 454 3092 cx
472 3035 538 3092 cod.
555 3033 721 3089 Farncsiuno
739 3032 916 3090 celeberrimo
930 3046 991 3086 eam
1005 3046 1037 3087 se
1049 3015 1074 3080 C
1087 3032 1200 3089 lerentis
1221 3032 1340 3089 AEmiliae
1355 3034 1381 3089 in
1393 3033 1448 3106 97
1462 3034 1622 3098 exarchatu,
1648 3035 1677 3089 in
1701 3031 1761 3103 ejus
1778 3038 1881 3088 senen

239 3111 343 3181 optimo
371 3105 480 3177 publico
504 3104 621 3161 edidisse
645 3111 722 3185 putat
751 3104 778 3157 in
808 3102 896 3158 lucem
921 3101 1035 3175 (suast.
1088 3103 1335 3176 tiamiripedibus.
1359 3102 1456 3160 Postea
1467 3118 1532 3160 roro
1552 3105 1586 3161 ad
1602 3103 1667 3174 iura
1687 3112 1790 3162 mucce
1811 3099 1879 3157 sedis

240 3179 350 3263 romb,
369 3191 397 3246 p.
417 3176 473 3248 57).
496 3175 564 3230 Nam
587 3174 697 3244 pretiosi
725 3172 796 3228 iilius
823 3171 925 3254 mdlcis
941 3187 1037 3242 equus
1086 3174 1247 3259 uindicanda
1265 3175 1401 3257 mensorio
1422 3183 1540 3239 remma,
1557 3174 1734 3259 ucqtreullas
1745 3171 1881 3256 opiniones

238 3241 1038 3393 mliii:‘att'ttltdtttitllttltm..‘silit
1087 3244 1227 3370 'illidii
1248 3243 1881 3398 tltllttt⁰btt¹tittiittll¹ttt

238 3388 547 3452 litsemeletitemm,s
599 3384 725 3454 imenque
736 3383 901 3439 characteris
909 3383 1035 3449 uncialis,
1087 3385 1229 3441 annalistae
1240 3384 1308 3440 italo
1319 3386 1549 3455 acceptissimum,
1568 3386 1641 3448 utin
1654 3385 1720 3441 aiits
1734 3380 1882 3448 monteria

238 3468 346 3521 aemtem
362 3455 464 3515 codicis
475 3457 572 3512 Caroo
589 3454 686 3527 liugno
702 3469 734 3510 su
772 3468 856 3535 arem
869 3452 1038 3524 designantis
1088 3454 1292 3512 indetrabendo
1305 3456 1594 3527 proulucltebouorcm
1609 3453 1882 3513 AErnilioerebenru·

239 3530 387 3603 excipiens,
400 3528 472 3598 quod
486 3525 644 3582 llolstcnius
656 3532 684 3580 et
697 3523 734 3581 Se
754 3524 893 3580 elstraturs
911 3523 1038 3594 neglexe-
1088 3533 1130 3580 ter
1150 3525 1325 3581 allucinatum
1346 3540 1417 3582 esse.
1438 3525 1498 3582 Non
1519 3527 1592 3583 enim
1608 3527 1647 3584 de
1664 3541 1716 3584 sna
1735 3519 1884 3582 ooudltlant

239 3609 313 3667 rant,
333 3600 397 3657 dunt
417 3597 503 3655 codex
525 3602 586 3652 erat
608 3594 712 3662 lienum,
738 3595 827 3650 locum
851 3593 926 3649 ilium
950 3601 1037 3650 totum
1087 3596 1225 3667 prouincia
1249 3596 1300 3651 ista
1313 3595 1423 3662 excidit,
1448 3595 1520 3666 quod
1534 3603 1611 3666 patet
1629 3613 1665 3653 ex
1685 3594 1883 3666 prouinciarum

240 3670 384 3743 descripsit
394 3683 474 3740 quern
490 3665 580 3733 attuli,
597 3665 644 3721 ubi
664 3666 707 3742 de·
721 3663 852 3734 Stcpbaui
874 3663 896 3719 ll
914 3664 1037 3734 epistolis
1087 3665 1333 3722 ecclesiasticarum
1356 3666 1498 3731 diuisione,
1513 3666 1560 3721 sed
1576 3667 1654 3723 ciuili
1666 3668 1696 3723 in
1713 3664 1883 3721 adminstra-

240 3741 366 3814 agebam,
386 3747 514 3809 tanlquam
532 3735 698 3809 Pippiniancc
713 3734 867 3792 donationis
882 3735 1038 3791 monimen·
1087 3736 1162 3792 tione
1179 3736 1322 3808 angustior
1334 3749 1396 3793 esse
1415 3738 1507 3808 oepit.
1522 3735 1755 3809 Quandoquidem
1767 3734 1797 3789 ln
1809 3746 1885 3789 exar-

241 3822 311 3868 tum.
1087 3807 1167 3862 ebalo
1179 3805 1298 3862 AErnilim
1310 3822 1409 3863 nomen
1422 3806 1544 3872 retinuit,
1559 3807 1587 3862 ln
1602 3823 1694 3879 regno
1703 3813 1795 3861 autem
1808 3800 1885 3858 italae

276 3880 338 3936 XV.
351 3879 387 3935 ut
399 3878 488 3935 uirum
510 3876 697 3933 doctissimum
716 3875 822 3947 decepit
838 3873 899 3931 libri
923 3873 1038 3930 Pontlti·
1087 3877 1249 3946 praeclarum
1266 3878 1339 3932 istud
1360 3877 1437 3961 requi
1456 3892 1555 3933 nomen
1574 3875 1750 3947 provinciale
1763 3872 1827 3930 illud
1840 3871 1884 3925 ab·

241 3952 310 4010 calis
336 3948 483 4005 enarratio.
514 3945 644 4014 Quamuis
670 3946 742 4002 euim
774 3946 873 4001 ibidem
903 3945 1038 4001 referatur
1087 3947 1285 4014 somniabam
1300 3946 1383 4002 ctiam
1398 3963 1457 4020 rpso
1470 3953 1497 4002 in
1515 3948 1670 4005 exarchatu
1684 3953 1784 4003 exorta
1794 3943 1886 4000 Petita-

261 4020 469 4080 uemadmodum
497 4017 638 4089 Pippinus,
655 4027 744 4071 ratum
775 4017 879 4072 lrabcns
924 4014 1036 4088 uidquid
1087 4017 1278 4087 polisduplcx,
1295 4016 1433 4073 AEmlliam
1452 4018 1623 4074 marciani:
1639 4019 1766 4087 adeoque
1787 4024 1841 4071 tres
1859 4010 1885 4065 ln

242 4039 373 4149 ganstad
397 4104 448 4146 suo
468 4086 615 4157 diplomate
638 4094 811 4142 concesserat
834 4085 896 4142 divo
937 4095 996 4141 etro
1009 4093 1038 4142 et
1085 4088 1234 4143 exarchatu
1258 4087 1404 4158 puruincioa
1415 4103 1477 4144 esse
1494 4099 1651 4157 eoepenmt,
1675 4085 1791 4143 AEmiiia
1814 4082 1889 4139 ride--

242 4162 302 4233 elus
325 4157 538 4222 successoribus,
565 4171 636 4214 nouo
660 4156 806 4227 diplomate
828 4157 950 4211 anterius
971 4155 1038 4212 iilud
1088 4158 1160 4223 licet,
1183 4157 1338 4230 Pentapolis
1361 4159 1549 4225 maritima,et
1574 4157 1740 4230 Pentapolis
1763 4155 1887 4214 nuder

242 4231 390 4295 roboravit,
418 4228 509 4284 addito
532 4229 614 4282 etiam
636 4224 783 4281 Coruaelo:
800 4233 890 4280 tanuen
912 4225 1037 4281 ciuitates
1088 4243 1180 4283 tanea.

241 4303 280 4359 ibi
296 4309 401 4355 mutum
416 4305 717 4366 recensenturquamm
729 4296 927 4366 possessionem
943 4294 1038 4351 Puira-
1123 4298 1205 4355 lil'll.
1225 4298 1290 4367 onan
1307 4307 1339 4354 ut
1360 4311 1423 4353 vera
1448 4300 1514 4364 sint,
1539 4297 1680 4356 Fuiradus
1730 4296 1887 4354 messim

242 4374 293 4428 dus
314 4368 420 4441 Pippini
442 4367 541 4423 missus
559 4367 618 4422 iniit
641 4366 784 4438 clauesque
801 4365 915 4421 llontam
929 4365 1035 4421 detulit.
1051 4369 1205 4442 pluiturus
1226 4370 1365 4426 civitatum
1389 4367 1562 4440 Pentapoleos
1580 4380 1607 4424 ιι
1623 4369 1688 4425 Enni
1703 4370 1710 4382 ’
1727 4408 1736 4433 ,
1762 4377 1793 4422 ut
1805 4373 1846 4421 est
1860 4364 1887 4419 iu

244 4446 412 4521 Quapmpter
427 4437 657 4492 decemcivitates
674 4436 769 4493 deesse
793 4451 852 4492 eom
889 4443 961 4490 mum
982 4435 1036 4491 erit
1087 4440 1148 4496 cod.
1164 4439 1339 4503 Parnasiano,
1353 4439 1380 4494 in
1397 4441 1573 4496 exarchatum
1585 4447 1632 4496 est
1644 4452 1819 4523 pragmata.
1839 4440 1887 4490 ret

244 4513 272 4568 in
298 4509 369 4581 lrbro
387 4505 559 4573 Pontidcali,
586 4522 647 4576 quae
673 4521 768 4563 omnes
797 4507 825 4561 in
875 4506 1036 4562 udovieiano
1086 4513 1160 4581 ipsas
1175 4510 1265 4565 clabes
1276 4519 1331 4565 tam
1344 4509 1561 4565 llabennantium
1586 4507 1889 4583 urbrsquaqucdirer·

244 4581 392 4652 diplomate
404 4577 587 4648 reperiuntur,
601 4586 700 4647 praeter
713 4576 842 4633 Narniam
854 4577 968 4632 ducatus
983 4575 1035 4632 llo-
1087 4596 1178 4636 sarum
1192 4580 1334 4636 cibitatum
1356 4579 1441 4651 ipsius
1457 4579 1684 4638 liabenuantiuua
1703 4578 1887 4637 exarchatus»

244 4650 318 4707 mani
338 4647 485 4714 civitatem,
508 4646 584 4717 cuius
598 4662 705 4731 quoque
723 4646 922 4720 possessionem
937 4647 1036 4702 inierat
1087 4653 1201 4708 Romam
1213 4650 1319 4706 detulit.
1361 4649 1566 4721 iliultatesipse
1587 4647 1832 4708 enuntcranturin
1847 4659 1889 4700 su·

244 4720 393 4783 fulradus.
419 4718 527 4774 tametsi
550 4717 714 4788 postliminio
737 4718 794 4790 96
821 4718 977 4772 reuleuntcut
1001 4717 1035 4772 ad
1087 4723 1156 4787 dice,
1168 4720 1243 4776 nullo
1256 4721 1348 4776 babitu
1359 4721 1514 4776 discrimine
1529 4721 1743 4791 prouinciarum
1759 4718 1890 4786 exarcit·

246 4799 347 4847 sancite
360 4787 432 4846 sedis
448 4788 578 4844 ditionem
591 4788 896 4844 veterentttdonttliotte
909 4803 1035 4843 secrete·
1088 4803 1142 4848 lttS.
1168 4791 1405 4846 Adrianusautem
1429 4791 1673 4848 nuntianscarolo
1696 4783 1890 4859 archiepiscopi

245 4869 288 4987 rsst
298 4874 318 4964 ⁴:
332 4875 416 4932 quare
428 4858 581 4982 budouictts
593 4867 674 4986 Etramite
692 4860 764 4954 inter
780 4858 907 4984 ¹multatos
921 4858 1035 4984 [ἐὲιιιιιιί
1087 4862 1185 4946 Leonis
1197 4862 1365 4957 invasionem
1377 4859 1454 4946 (Coei.
1466 4860 1529 4944 dor.
1541 4876 1584 4931 ep.
1596 4862 1646 4946 bl,
1658 4862 1697 4924 al.
1707 4861 1755 4932 liii
1768 4861 1842 4917 illum
1851 4855 1891 4913 iu·

244 4941 359 5073 itit
373 4943 556 5084 stitit
570 4944 786 5083 ’andilli
802 4936 1037 5080 utilitati?
1086 4929 1891 5067 tiittillntt'iitittlt‘dimitam

245 5080 373 5132 censetur
385 5086 413 5126 tn
422 5071 576 5141 diplomate,
590 5079 620 5124 ut
631 5086 730 5126 murum
750 5077 786 5124 stt
800 5085 849 5124 eur
865 5070 964 5124 ertrdru
983 5070 1037 5124 diro
1087 5073 1269 5145 pertruanslsse
1281 5072 1310 5127 lu
1323 5079 1424 5128 sancte
1433 5072 1506 5127 sedis
1517 5074 1672 5143 obsequio,
1692 5093 1704 5127 ι
1719 5071 1892 5145 quamadmo-

247 5141 413 5199 reoeutiores
426 5140 469 5197 sci
487 5141 551 5196 binc
563 5156 579 5195 a
593 5141 755 5212 suspicando
769 5140 802 5195 dc
813 5140 969 5195 sinceritate
978 5137 1037 5207 ejus
1087 5147 1152 5199 «lum
1166 5145 1329 5199 exstiterunt
1339 5143 1390 5198 sub
1401 5149 1496 5198 nostro
1507 5143 1719 5213 predecessore
1729 5138 1892 5201 damnosis·

238 5228 301 5270 ‘nou
315 5212 370 5269 sint
386 5210 533 5267 absterriti.
546 5210 626 5265 Enim
636 5226 700 5267 uero
710 5225 863 5280 «quanquam
875 5211 959 5265 solam
975 5210 1038 5279 Pip-
1088 5215 1177 5284 pirano
1199 5229 1278 5285 papa,
1301 5215 1345 5269 cui
1359 5226 1400 5267 sa.
1416 5227 1472 5269 ree
1488 5214 1596 5284 genitor
1625 5223 1694 5271 tuus
1716 5211 1849 5283 simulque
1865 5214 1892 5264 et

246 5282 498 5409 guidonationem
520 5279 628 5346 reserat,
654 5282 887 5363 tameuocamdem
910 5296 971 5363 neu.
985 5280 1037 5337 soli
1087 5283 1217 5410 Rem'lm
1233 5283 1391 5368 excellentia
1409 5289 1456 5338 tua
1469 5283 1557 5366 ipsum
1568 5287 1757 5370 exarchatum
1773 5279 1892 5363 subiere

248 5350 1038 5507 abstulitattulit?{limitibus
1087 5351 1892 5498 autititasassistenti-'imitat..¹2

247 5507 385 5564 prnranam
395 5491 879 5562 secutr‚pnrnuncarottadrentum
896 5508 924 5548 ιιι
940 5493 1037 5549 urbem
1088 5504 1236 5565 ocusct,pe
1284 5496 1344 5550 ioue
1368 5495 1468 5550 doeens
1528 5504 1667 5553 seruatos
1683 5497 1853 5568 populosoat
1867 5489 1893 5544 5¹

248 5575 420 5688 necessum,
434 5561 527 5618 mecm
540 5564 724 5630 eaecluitates,
736 5579 850 5634 quarum
870 5564 1036 5632 possessioa
1087 5566 1225 5635 prouincia
1274 5560 1891 5637 miliaexistentesaPcntupolensibusdiruit·

287 5632 431 5700 agobardis
444 5633 514 5688 tradi
527 5633 625 5704 uoluit,
644 5649 715 5705 sepe
730 5634 879 5704 promissae.
898 5647 1035 5704 nunquam
1088 5646 1147 5694 cetos
1158 5652 1234 5694 esse:
1251 5635 1430 5699 cliullnurcr
1441 5634 1599 5694 mutueris
1611 5639 1658 5700 uel
1669 5636 1802 5706 AErnilia3
1813 5655 1822 5690 ι
1835 5634 1892 5692 tude
