4050 6192
130 352 174 408 ist
197 348 275 404 COD.
289 344 414 401 btPt.-
428 344 573 408 flexum,
589 345 677 410 iiie,
692 345 758 400 sit*
773 344 851 399 COD.
862 341 1191 398 cinelinus-aer.
1204 372 1238 381 —
1253 339 1338 396 biss.
1355 340 1399 395 DE
1413 335 1486 393 EPP.
1504 339 1689 406 tribulent.
1710 348 1760 402 filli

161 457 282 516 11111.
303 456 442 511 Postrema
460 455 518 509 fuco
536 470 589 509 non
606 471 701 527 parum
722 455 789 509 lueis
802 453 916 508 afferunt
931 460 954 516 Α
969 453 1072 576 pariter
1086 453 1112 506 id
1127 453 1297 518 testantibus,
1308 452 1361 506 iad
1373 452 1516 507 ecelesiam
1530 455 1617 511 beate
1629 456 1720 513 llario
1735 461 1762 517 iri

129 530 239 597 antiquo
253 527 353 588 ordini,
367 538 447 594 quem
463 524 645 580 exhibuimus.
663 525 696 580 Et
708 539 773 578 vero
786 525 917 579 lii-oriens
993 524 1058 584 urii,
1083 523 1110 575 in
1127 538 1179 592 qua
1195 537 1254 576 eum
1266 529 1328 576 ante
1339 522 1423 576 altaro
1441 524 1559 593 pontifex
1577 529 1760 597 exspectabat,

129 615 187 655 euin
211 598 325 667 Agnete,
348 595 396 664 qui
417 594 444 648 iii
464 595 603 664 pontificio
621 595 721 666 palatio
742 594 917 648 Laterairensi
968 591 1105 662 pmfeetus
1119 603 1170 657 est,
1184 601 1211 646 et
1224 607 1320 646 munus
1331 592 1481 674 imponens,
1495 603 1651 651 consuetam
1661 598 1764 667 prote

129 664 467 739 liospitabantur,reiiiunt
512 679 526 717 r
538 672 643 734 portam
651 664 824 726 Collinamad
832 663 915 717 eecle-
968 661 1073 717 sionem
1085 672 1113 717 et
1125 663 1272 732 plenariam
1284 671 1468 728 securitatem,
1491 664 1639 720 secundnm
1652 669 1722 736 quud
1735 669 1762 724 in

128 739 194 795 siam
205 746 307 792 sancte
319 733 450 788 Marinio
487 734 800 804 ranspadina,quaemin
814 741 919 804 tempo-
968 731 1063 786 ordine
1085 733 1252 794 continetur,
1275 731 1382 801 publice
1401 733 1534 788 exhibuit.
1551 754 1561 786 i
1578 735 1615 789 Ea
1639 752 1703 791 vero
1723 740 1764 795 sic

127 810 163 865 ris
176 821 263 878 prepe
278 804 419 860 castellnm
441 801 554 858 Adriani
578 804 630 859 sita
652 813 721 869 erat,
744 818 797 858 non
812 803 918 886 longos
967 799 1084 857 fluebat:
1099 801 1626 873 iEgomrexttomauomm,arinueme
1638 806 1761 874 Domino,

128 877 265 950 posterula
287 875 384 929 Leonis
402 872 436 928 11
450 886 498 927 seu
522 881 600 943 porta
626 874 728 929 castelli
744 888 752 928 :
768 873 813 927 ubi
835 880 918 928 etiam
968 868 1076 926 futurus
1099 872 1135 926 iin
1172 880 1246 926 rator
1267 871 1406 941 promitto,
1432 875 1558 942 spondeo,
1574 883 1601 929 et
1621 877 1761 946 polliani,

128 948 232 1004 medica
251 960 312 1000 eum
325 943 454 998 distantia
474 951 553 997 erant
568 943 717 999 terebintus
730 942 854 1009 licronis,
876 958 919 998 se-
968 939 1121 1009 atqucjuro
1172 941 1329 997 ectbcato
1345 940 1436 1006 Petro,
1451 945 1651 1001 medeemteru
1672 955 1764 1018 prote-

128 1018 250 1089 pulcrum
268 1013 385 1078 Romuli,
400 1027 447 1067 seii
460 1021 542 1077 meta,
558 1013 664 1082 aliaque
677 1013 704 1067 in
714 1011 855 1069 ordinibus
864 1027 920 1067 me-
968 1017 1072 1066 ctorem
1091 1018 1119 1066 et
1139 1011 1307 1067 defensorem
1327 1009 1384 1066 fore
1406 1012 1504 1067 summi
1522 1014 1617 1083 pontif.
1637 1025 1663 1072 et
1681 1016 1710 1070 S.
1728 1020 1760 1073 fl.

126 1096 232 1143 morata
244 1084 314 1147 loca,
325 1098 439 1153 qnorum
454 1082 569 1136 inediam
581 1082 664 1138 fuisse
676 1097 766 1137 aream
781 1097 841 1137 eum
854 1097 919 1137 con-
968 1079 1097 1136 Ecclesiae
1109 1081 1135 1135 io
1150 1080 1275 1137 omnibus
1288 1082 1495 1137 necessitatibus
1507 1084 1587 1154 271
1601 1092 1628 1138 et
1639 1086 1765 1143 utilitati-

127 1159 175 1214 cfia
201 1163 318 1210 testatur
344 1152 514 1209 ceremoniis
538 1152 680 1222 praefectus
696 1154 725 1207 in
744 1153 919 1208 coronatione
968 1149 1020 1206 bus
1034 1150 1099 1215 suis,
1122 1150 1299 1206 eustodiendo
1317 1158 1345 1204 et
1359 1158 1543 1207 conservando
1562 1158 1763 1223 possessiones,

127 1225 305 1298 Sigismundi,
323 1238 367 1294 ap.
382 1223 470 1293 iiayn.
485 1221 581 1292 (1155,
594 1239 622 1276 n.
638 1221 702 1293 11);
718 1240 728 1274 ι
740 1222 792 1278 ilbi
806 1222 840 1276 ad
854 1236 919 1277 coii-
968 1230 996 1274 et
1014 1220 1140 1285 honores,
1155 1229 1183 1274 et
1191 1218 1253 1289 jura
1267 1219 1334 1288 ejus,
1346 1229 1477 1289 qnantum
1491 1223 1582 1277 divino
1593 1224 1674 1279 fultus
1686 1225 1762 1282 fario

126 1299 204 1352 eliam
220 1310 292 1350 areae
303 1293 386 1348 castri
400 1292 493 1346 Sancti
513 1292 606 1361 drigeli
620 1307 778 1363 pervenere,
793 1301 917 1346 mutuum
969 1287 1279 1357 adornamentorum
1309 1289 1379 1344 scire
1406 1299 1433 1344 et
1455 1305 1535 1361 posse
1561 1309 1660 1359 meum,
1687 1308 1762 1353 ricta

126 1368 176 1422 sibi
190 1367 286 1420 dixere
302 1364 430 1416 ralczae
441 1359 560 1432 pontifex
574 1363 600 1417 in
611 1362 741 1431 palatium
756 1363 817 1418 liat.
833 1368 919 1417 retro-
968 1367 996 1412 et
1037 1375 1085 1414 nra
1107 1358 1169 1415 ilde.
1184 1359 1229 1415 Sic
1248 1373 1291 1415 me
1306 1359 1387 1426 licus,
1405 1369 1459 1416 etc.
1474 1380 1484 1413 i
1499 1360 1631 1433 (flesti.
1648 1375 1712 1420 teni.
1727 1367 1761 1432 fl,

127 1436 218 1500 cessit,
232 1444 286 1490 etc.
305 1454 314 1486 i
331 1432 452 1500 Namque
472 1430 522 1486 ista
547 1446 609 1487 area
628 1440 688 1486 erat
710 1432 784 1488 focus
798 1432 831 1486 ad
853 1432 921 1486 reci·
968 1443 996 1498 p.
1013 1376 1089 1552 {9⁸2⁶
1206 1437 1222 1510 ‘⁴
1241 1496 1248 1509 ι

142 1506 255 1560 ieridnm
270 1502 392 1558 futurum
413 1501 619 1571 imperatorem,
634 1501 872 1570 deducendumque
884 1503 919 1556 ad
1004 1497 1054 1552 1111
1081 1497 1124 1554 11.
1143 1498 1249 1553 Audisti
1274 1497 1419 1553 flenrieum
1437 1497 1524 1554 ineo
1547 1499 1573 1554 in
1594 1517 1656 1557 arca
1680 1518 1764 1574 seper

173 1576 266 1630 ilieam
282 1573 447 1643 designatus,
470 1586 523 1641 quo
543 1571 670 1626 similiter
682 1579 744 1643 post
766 1571 920 1626 coronatio·
959 1569 1098 1637 'gmdibus
1111 1576 1174 1624 ante
1181 1575 1287 1639 portam
1302 1583 1399 1623 aeream
1413 1568 1616 1627 rundenario
1633 1573 1660 1626 in
1672 1574 1762 1639 Turri,

125 1661 186 1701 uem
201 1644 328 1714 equitans
351 1657 411 1696 curri
431 1641 558 1711 pontifice
571 1643 755 1697 revertebatur
768 1640 919 1696 diademate
969 1638 1017 1693 sed
1032 1638 1066 1692 ad
1077 1646 1187 1720 portam
1208 1645 1364 1720 argenteam
1391 1647 1485 1721 eontra
1504 1655 1608 1704 morem
1629 1642 1762 1712 majorum

127 1716 280 1770 redimitus.
294 1712 426 1768 Caeterum
441 1711 574 1766 lienricus
584 1709 798 1778 Vjuramentum
816 1709 919 1765 iaciens
968 1706 1166 1778 professionem
1184 1705 1295 1772 fecisse;
1313 1716 1339 1762 et
1356 1706 1523 1763 Friderieum
1537 1709 1723 1769 AEnobarbum
1736 1717 1762 1770 iu

126 1802 157 1840 α
172 1799 259 1848 mere,
275 1783 363 1837 innuit
381 1781 511 1849 ejusmodi
524 1779 705 1846 juramentum
715 1780 845 1836 Romanis
860 1781 918 1836 feri
970 1776 1085 1833 eeclesia
1107 1785 1207 1832 sancto
1226 1777 1317 1832 liar-ta
1338 1776 1365 1831 in
1386 1778 1476 1833 'furii
1493 1779 1633 1850 l'ragimm
1653 1782 1763 1840 ficaria-i

125 1854 301 1911 consuevisse
315 1861 378 1906 ante
392 1851 500 1906 lienrie.
515 1849 548 1905 111
561 1848 714 1906 Germaniae
728 1864 829 1920 regem,
843 1848 920 1919 eujus
971 1848 1173 1903 coronationem
1193 1847 1289 1903 lubens
1302 1855 1444 1920 pretereo.
1460 1848 1501 1904 dd
1521 1850 1651 1907 friderici
1671 1863 1762 1910 numm

124 1923 268 1979 coronatio
290 1938 344 1976 una
366 1921 512 1976 lienricum
533 1921 554 1976 1
573 1919 729 1991 procedens
747 1935 799 1975 non
815 1920 921 1976 ridetur
970 1915 1180 1987 professionem,
1203 1932 1284 1987 qnam
1309 1918 1428 1972 omnium
1456 1919 1559 1989 primus
1581 1923 1706 1990 praestitit
1734 1925 1762 1979 in

125 1994 252 2049 subicere
275 1993 309 2047 ad
333 1991 514 2046 inducendum
540 2005 654 2044 marein.
678 1990 859 2059 Quamobrem
886 1992 921 2045 ab
970 1987 1099 2056 praedieu
1122 1986 1252 2052 Ecclesia,
1269 1994 1311 2042 est
1329 1988 1606 2054 animadvertendum,
1621 1996 1691 2061 quod
1706 1994 1762 2048 flu·
1841 2010 1845 2015 ·

125 2064 347 2119 antecessoribus
366 2076 420 2115 una
434 2074 495 2114 eum
507 2058 661 2129 juramento
680 2060 817 2117 fidelitatis
868 2062 921 2115 nti·
971 2065 1062 2112 rantes
1076 2056 1223 2181 planesel.
1243 2056 1290 2111 fib.
1303 2073 1333 2121 ii,
1349 2072 1373 2112 c.
1396 2059 1421 2122 8,
1435 2075 1463 2113 ii.
1477 2059 1515 2130 fi),
1528 2060 1573 2128 qui
1591 2061 1703 2117 florebat
1717 2063 1764 2118 fli-

125 2132 254 2188 fieialiud
264 2133 345 2188 etiam
356 2130 486 2186 Romanis
497 2144 557 2184 esse
568 2130 717 2200 prestitum
729 2129 831 2184 credibi
842 2142 858 2182 e
868 2138 919 2185 est.
970 2126 1047 2182 colao
1058 2127 1079 2181 11
1103 2127 1240 2197 pontifice,
1256 2141 1289 2181 ac
1304 2127 1418 2197 proinde
1435 2129 1538 2197 antiqui
1554 2131 1657 2187 ordinis
1680 2134 1763 2190 ratio-

125 2204 202 2270 Quod
216 2218 318 2258 norum
330 2202 375 2256 liic
392 2200 520 2266 occurrit,
539 2199 672 2255 lienricus
684 2200 825 2256 confirmat
841 2200 921 2255 char·
971 2211 1032 2250 nem
1051 2197 1142 2260 habet,
1158 2212 1218 2251 nam
1232 2198 1266 2252 ali
1277 2197 1386 2253 ineunte
1398 2211 1460 2253 sec.
1474 2213 1523 2253 xiii
1537 2199 1609 2254 nulla
1624 2204 1764 2259 coronatio

124 2273 250 2328 tasrertii
264 2272 399 2342 praemiet
412 2269 508 2334 libelli,·
521 2270 613 2325 charta
624 2279 713 2325 autem
728 2269 802 2325 tertii
815 2271 921 2340 generis
970 2264 1041 2347 ficta
1056 2275 1125 2331 erat,
1141 2266 1173 2321 de
1185 2267 1346 2349 imperatore
1357 2267 1396 2323 sic
1409 2267 1545 2338 loquitur:
1563 2287 1573 2320 ι
1588 2269 1719 2338 Quoniam
1734 2274 1761 2328 in

124 2351 184 2398 erat
208 2343 344 2412 scriptura
368 2340 499 2395 cessionis
517 2340 599 2394 castri
624 2349 670 2396 aut
692 2340 754 2407 loci,
771 2338 922 2408 cuiusmodi
971 2336 1015 2391 die
1029 2337 1206 2391 ordinationis
1226 2351 1281 2391 siim
1294 2345 1418 2406 receptus
1431 2338 1518 2408 primo
1530 2337 1557 2392 in
1571 2342 1763 2399 eanonicuma

125 2413 279 2484 exemplum
297 2411 374 2466 affert
389 2409 557 2465 liabilfonins
575 2410 659 2481 (Ano.
674 2410 705 2465 Β.
721 2410 740 2464 1.
756 2425 814 2475 iiii,
834 2426 861 2464 ιι.
876 2409 919 2474 17,
970 2407 1109 2462 canonicis
1117 2405 1283 2462 sanctil‘etri
1294 2407 1545 2463 ministratdomino
1554 2425 1629 2479 papae
1641 2411 1669 2466 in
1680 2412 1763 2469 missa

124 2484 188 2553 111)
203 2484 239 2537 de
260 2481 371 2537 castello
388 2480 521 2536 Tribueeo
543 2480 615 2535 inter
636 2481 699 2534 abb.
722 2478 878 2535 farfensem
894 2487 922 2535 et
971 2476 999 2530 iii
1014 2475 1102 2532 officio
1122 2477 1341 2541 subdiaconatus,
1362 2477 1481 2546 parando
1497 2478 1619 2544 calicem,
1633 2490 1660 2536 et
1672 2482 1764 2548 buus-

125 2552 418 2632 crescentiumqmm
449 2550 537 2605 uidem
553 2550 676 2605 chartam
693 2549 922 2604 lienricuslirri-
971 2545 1382 2625 modifaeiendo.ilneaiiidem
1393 2547 1762 2609 renuntianiflfemenside

125 2632 179 2678 tam
206 2633 270 2677 esse
287 2621 378 2690 jussit.
405 2567 497 2674 triciti
520 2629 610 2674 autem
635 2620 745 2675 chartas
768 2620 921 2688 liucangins
970 2620 1144 2671 coronatione
1157 2615 1264 2671 ilenriei
1282 2614 1326 2670 111
1345 2617 1396 2670 rite
1414 2617 1536 2672 facienda
1552 2618 1761 2690 principissae.

123 2692 266 2762 precarias
275 2699 303 2746 et
313 2690 469 2762 praestarias
483 2689 686 2760 interpretatur,
699 2705 759 2760 que
770 2690 823 2744 duo
832 2690 921 2758 capita
971 2701 1026 2748 sir,
1048 2685 1151 2754 legatos
1175 2686 1322 2741 admonet:
1344 2685 1483 2757 «ipsique
1503 2689 1631 2757 pontifice
1650 2692 1762 2748 deseen-

124 2765 200 2818 silra
214 2777 276 2816 esse
289 2761 471 2816 Romanorum
482 2757 540 2826 eins
556 2760 686 2828 temporis
697 2760 813 2813 maxime
837 2758 921 2814 inter-
970 2757 1052 2810 deute
1063 2771 1112 2825 pro
1122 2754 1293 2826 perficiendis
1307 2755 1451 2810 missarum
1464 2759 1603 2828 mysteriis
1620 2760 1654 2814 ad
1665 2761 1762 2828 aliare,

15 2820 17 2835 ’
122 2845 195 2889 erat.
214 2831 312 2887 Castra
328 2830 461 2899 siquidem
474 2837 502 2881 et
513 2829 612 2900 praedia
627 2829 654 2883 in
665 2829 862 2900 emphyteusim
876 2844 919 2884 ac·
971 2826 1117 2895 imperator
1129 2839 1205 2880 more
1214 2825 1370 2880 subdiaconi
1383 2825 1479 2882 olfemt
1489 2828 1610 2893 calicem,
1623 2838 1651 2884 et
1661 2833 1763 2903 ampul-

123 2912 204 2973 cepta
219 2903 255 2956 ab
267 2900 398 2967 ecelesiis,
412 2898 483 2954 facili
499 2899 605 2969 negotio
618 2897 714 2954 iisdem
728 2896 850 2953 eeclesiis
863 2899 920 2953 vin·
970 2895 1035 2949 larii.
1050 2914 1060 2946 ι
1081 2895 1149 2948 Cum
1168 2905 1258 2951 autem
1272 2909 1344 2951 anno
1356 2895 1424 2951 11116
1442 2896 1480 2950 ιι11
1493 2897 1546 2952 tale
1565 2897 1666 2954 factum
1679 2891 1763 2957 fuerit

123 2973 214 3029 dicari
226 2979 353 3042 poterant
362 2968 494 3040 imperiali
509 2968 664 3041 diplomate,
677 2969 759 3092 370
769 2966 919 3037 eujusmodi
970 2965 1005 3019 ab
1031 2964 1148 3020 ilenrico
1171 2963 1352 3035 [liminaque
1383 2981 1523 3022 successor
1550 2967 1683 3025 lienricus
1713 2987 1761 3027 rei

15 3030 17 3041 '
122 3045 205 3112 plura
222 3041 339 3095 ridimus
352 3042 412 3094 data
427 3053 487 3094 esse
504 3039 538 3093 ab
551 3038 649 3094 Ottone
661 3038 681 3094 11
706 3047 767 3109 post
780 3036 920 3107 imperiale
970 3033 1763 3102 (1ιιιιι.11ιιιι(ιιιιιιιιιιοιιο1ιιίιιιιιι11,11ιιιιιοι1οοιιι4

122 3114 254 3168 diadema
280 3121 445 3179 susceptum.
474 3108 560 3175 Quam
584 3106 705 3178 profecto
729 3107 918 3163 auctoritatem
942 3143 944 3146 .
969 3104 1045 3160 natio
1061 3103 1179 3159 insolens
1194 3105 1274 3159 ritum
1289 3121 1397 3161 omnem
1411 3105 1522 3174 rejiciat,
1537 3121 1569 3162 ae
1580 3108 1695 3179 denique
1709 3109 1762 3166 Lo-

122 3196 236 3237 eoreriae
248 3194 381 3235 annexam
394 3193 454 3234 esse
468 3178 609 3249 pontifices
628 3179 763 3249 sapienter
776 3153 956 3234 rofueruntc
971 3175 1076 3230 thasius
1085 3173 1107 3230 lf
1117 3175 1279 3231 necessitate
1290 3176 1443 3246 impellente
1454 3191 1580 3232 eoronam
1591 3180 1763 3250 praecipitan-

121 3252 231 3322 optime
244 3250 419 3305 ecclesiamm
439 3248 554 3319 pnfifieo,
571 3256 600 3301 nt
615 3248 670 3303 iras
687 3247 869 3318 potentiomm
885 3249 919 3304 ab
969 3245 1372 3316 tersusceperitablnnoeentio
1382 3244 1404 3300 11
1416 3246 1441 3300 in
1451 3246 1626 3303 Lateranensi
1638 3249 1761 3315 liasiliea,

121 3317 710 3389 tearerterent,firmiusqueiisprtesidium
721 3326 918 3390 compararent.
970 3315 1034 3370 iiiuc
1058 3325 1107 3378 est,
1133 3315 1205 3384 qnod
1228 3315 1261 3369 ad
1286 3315 1453 3372 Friderieum
1477 3316 1664 3373 AEnoliarlzum
1688 3336 1761 3376 aune

121 3389 316 3445 Animadverti
338 3396 427 3443 autem
452 3387 532 3443 uelim
560 3402 613 3442 non
637 3386 825 3457 praefecturam
843 3388 920 3443 urbis
969 3384 1038 3439 1155
1057 3393 1213 3441 coronatum
1229 3384 1264 3438 ab
1280 3384 1399 3442 Adriano
1420 3385 1455 3442 11
1466 3387 1630 3443 descendere
1642 3399 1758 3460 iipomet.

120 3461 187 3530 (nisi
215 3458 363 3528 aliquando
380 3473 429 3528 per
448 3456 644 3536 invasionem),
660 3472 714 3511 non
732 3456 785 3511 ulla
801 3456 919 3528 palatina
968 3454 1045 3510 lfune
1059 3454 1181 3526 pmfecto
1199 3469 1248 3510 eur
1264 3455 1384 3510 omnium
1397 3455 1513 3525 primuni
1530 3457 1601 3511 inter
1613 3460 1760 3516 canonicos

120 3527 226 3594 idida,
241 3543 295 3583 neri
305 3527 357 3583 alia
368 3529 466 3582 summi
476 3525 605 3598 principis
613 3541 674 3595 iura
686 3526 720 3581 ad
731 3526 919 3595 imperatorem
969 3538 1159 3580 recenseamus
1171 3524 1243 3578 nulla
1254 3525 1373 3595 suppetit
1383 3526 1453 3580 ratio
1465 3536 1548 3589 certa,
1561 3535 1661 3596 preter
1674 3528 1758 3585 ritum

120 3613 172 3669 per
201 3597 330 3653 diadenm
356 3597 495 3666 imperiale
516 3596 689 3667 pervenisse,
718 3595 765 3651 sed
792 3596 919 3652 inviolata
969 3594 996 3649 in
1012 3594 1124 3677 antiquo
1147 3594 1243 3649 ordine
1259 3595 1448 3676 prescriptum
1473 3595 1500 3649 in
1524 3596 1638 3652 ecelesia
1660 3608 1761 3672 sanctur

119 3668 196 3742 apud
247 3666 369 3722 ntideem
381 3668 574 3736 permansisse.
969 3662 1061 3718 Mariae
1075 3679 1103 3718 m
1116 3662 1205 3727 Turri,
1221 3678 1266 3732 qui
1287 3679 1348 3718 cum
1366 3664 1434 3721 actis
1447 3664 1560 3720 Adriani
1572 3665 1604 3723 11
1619 3666 1677 3724 fere
1694 3685 1760 3725 eun·

156 3737 212 3791 th
238 3735 274 3792 1.
290 3737 360 3792 iliae
379 3744 431 3800 est,
453 3735 525 3806 quod
537 3739 733 3790 sacramentum
750 3733 919 3792 fidelitatisa
968 3732 1055 3787 cinit:
1073 3732 1199 3788 «Relicto
1213 3733 1313 3786 ibidem
1326 3749 1400 3805 regii
1414 3735 1490 3789 aiunt
1500 3742 1573 3798 aeta,
1592 3739 1712 3806 pontifex
1725 3739 1760 3794 ad

118 3820 187 3878 rege
207 3807 394 3861 Romanorum
413 3805 537 3876 praestari
558 3805 684 3870 solitum,
709 3812 853 3874 antequam
870 3821 920 3876 per
969 3802 1054 3857 altare
1064 3801 1136 3857 beati
1149 3802 1223 3857 Petri
1234 3804 1416 3858 conscendite
1429 3802 1503 3859 Ordo
1515 3808 1759 3876 auieiiiaiitiquus:

118 3885 234 3945 portam
246 3891 347 3931 aeream
359 3883 459 3931 sanctie
471 3874 561 3929 llarie
574 3874 601 3928 in
616 3874 696 3930 Turri
711 3874 744 3928 ad
753 3882 865 3956 portam
876 3891 920 3930 ar·
971 3889 981 3922 r
999 3872 1099 3928 flelnde
1116 3886 1238 3927 summus
1258 3871 1378 3942 pontifex
1393 3888 1453 3928 cum
1474 3874 1600 3929 omnibus
1616 3876 1759 3934 ordinibus

118 3957 252 4014 scateam
268 3945 421 4009 duceretur,
436 3944 463 3998 in
480 3946 532 4000 hue
543 3945 637 4000 ordine
649 3943 814 4016 planissimis
829 3945 920 4000 verbis
969 3942 1026 3997 suis
1040 3942 1073 3997 ad
1088 3940 1173 3996 altare
1192 3941 1324 4013 procedit,
1337 3949 1365 3996 et
1385 3942 1456 3998 facta
1471 3942 1508 4000 ibi
1520 3943 1652 4010 oratione,
1669 3948 1703 4001 ad
1714 3961 1757 4001 se·

116 4030 299 4086 expressum,
321 4023 384 4069 ante
405 4029 491 4070 annos
513 4021 569 4069 tres
591 4022 619 4069 et
640 4013 750 4084 triginta
770 4012 919 4069 exhibitum
968 4011 1031 4067 dem
1045 4010 1175 4077 aseendit,
1188 4023 1252 4081 rege
1264 4026 1325 4067 cum
1338 4011 1403 4078 suis,
1417 4021 1446 4068 et
1464 4013 1549 4068 tribus
1563 4013 1706 4088 episcopis,
1719 4017 1760 4071 vi-

116 4082 216 4139 luerat
228 4084 376 4140 Benedicta
389 4082 445 4140 1111
457 4099 472 4137 a
488 4091 582 4139 saneto
593 4083 709 4138 ilenrico
721 4082 742 4148 1,
756 4090 786 4137 ut
805 4091 921 4139 testatur
969 4081 1067 4138 delicet
1078 4079 1207 4145 Ostiensi,
1220 4090 1248 4136 et
1260 4080 1409 4146 Portuensi,
1426 4092 1454 4140 et
1467 4082 1613 4138 filhancusi
1630 4084 1658 4139 iii
1672 4087 1760 4140 ecele-

117 4153 267 4210 fiitniarus
280 4168 324 4225 ap.
346 4153 444 4207 llaron.
460 4152 550 4225 (teil,
561 4168 589 4207 n.
602 4152 638 4224 1),
653 4160 680 4208 et
699 4167 743 4223 ap.
757 4152 920 4208 leibnitium
969 4152 1122 4206 abiunctae
1139 4150 1231 4205 llarire
1251 4149 1279 4204 in
1294 4150 1426 4207 Turribus
1439 4161 1604 4219 remanente,
1618 4153 1664 4210 ubi
1680 4168 1695 4211 a
1714 4169 1760 4210 ea-

129 4224 228 4295 Scrip.
251 4240 305 4277 rer.
322 4222 442 4276 lirense.
464 4233 529 4277 tom.
544 4222 570 4287 l,
587 4238 615 4293 p.
629 4221 715 4294 leel:
735 4240 745 4274 ι
763 4222 919 4278 Decursisa
969 4221 1174 4282 nonieissancti
1194 4219 1267 4280 Petri
1289 4235 1350 4276 rece
1370 4231 1413 4276 tus
1428 4221 1455 4277 in
1470 4221 1593 4287 fratrem,
1611 4223 1760 4295 imperiali-

159 4309 204 4347 m.
231 4293 338 4347 incarii.
356 4299 418 4362 post
439 4292 584 4347 millenarii
605 4290 798 4361 plenitudinem
813 4292 919 4348 numeri
969 4291 1020 4346 bus
1032 4291 1160 4347 induatur
1175 4289 1336 4362 insignibus,
1383 4299 1412 4348 to
1424 4292 1509 4363 ipsius
1518 4292 1600 4364 pallio
1609 4296 1760 4350 camerario

114 4361 358 4426 maistredeeim,
376 4362 566 4432 etinsubseq.
581 4361 920 4418 annisecundomenseac
969 4359 1071 4417 domini
1159 4380 1191 4414 .i

114 4431 297 4488 bebdomada
313 4431 403 4495 tertia,
418 4446 489 4486 anno
501 4442 592 4486 antem
607 4431 681 4502 regni
694 4430 752 4500 eius
766 4431 920 4486 tertiodeei-
1004 4376 1156 4485 11111111).ω
1150 4428 1219 4497 Quid
1226 4428 1415 4488 remlPetrm
1426 4431 1540 4494 lfallius.
1548 4430 1594 4503 qui
1604 4432 1654 4488 sub
1664 4432 1759 4488 eodem

113 4518 173 4568 mo,
186 4511 220 4558 et
231 4499 279 4556 die
291 4501 370 4555 Dein·
382 4517 414 4556 ac
424 4517 451 4555 ri
464 4500 518 4555 kal.
534 4501 613 4556 llari.
628 4500 759 4556 lienrieiis
773 4500 820 4556 Ilei
832 4501 917 4569 gratia
934 4492 956 4547 ⁰
970 4498 1128 4556 AEnobarbo
1137 4498 1261 4563 florebat,
1271 4509 1383 4571 eratque
1395 4517 1411 4558 e
1423 4503 1510 4560 sancti
1524 4501 1597 4558 Petri
1613 4503 1759 4559 caiomen-

111 4587 164 4628 ιιι
179 4569 305 4641 inclytus
314 4571 508 4625 asenateribus
518 4571 658 4626 duodecim
669 4570 791 4636 vallatus,
801 4585 915 4639 quoium
968 4585 1027 4625 miii
1042 4570 1165 4641 collegio,
1185 4584 1242 4625 rem
1255 4569 1335 4624 istam
1357 4586 1410 4626 non
1424 4571 1522 4628 modici
1536 4572 1647 4629 honoris
1663 4587 1760 4642 perpe·

109 4657 163 4697 sex
181 4643 244 4696 rasi
258 4641 357 4703 barba,
372 4641 418 4694 alii
431 4639 549 4710 profixa,
563 4640 676 4712 mystice
687 4639 916 4695 incedebantcum
967 4647 1044 4695 tuum
1057 4640 1128 4703 silet,
1141 4652 1203 4694 euin
1220 4653 1237 4694 e
1258 4640 1395 4698 contrario
1409 4642 1442 4696 de
1452 4640 1571 4698 basilicae
1586 4642 1759 4698 eonsuetudi-

109 4712 240 4774 baculis,
254 4725 317 4764 cum
334 4710 432 4766 dilecta
446 4710 546 4765 suimet
560 4709 673 4781 conjuge
691 4709 864 4780 cunegunda,
882 4708 917 4764 ad
966 4710 1046 4765 nibus
1062 4707 1497 4782 27210queuslBofland.tom.
1512 4711 1544 4767 11
1556 4710 1619 4766 liiii.
1644 4727 1704 4781 par.
1726 4728 1757 4777 ιι,

106 4781 269 4837 ecclesiam
281 4778 537 4850 sanctiPetri,papa
549 4787 732 4849 exspectante,
740 4779 822 4843 uenit,
835 4789 862 4833 et
871 4794 918 4833 an·
965 4793 992 4861 p.
1005 4777 1057 4850 59)
1073 4783 1131 4834 liaeo
1145 4778 1178 4834 de
1199 4780 1251 4834 ritu
1276 4778 1448 4845 inunctionis,
1478 4789 1559 4851 atque
1576 4782 1757 4851 imperialium

106 4859 236 4921 tequam
263 4848 492 4914 introduceretur,
521 4850 666 4905 abeodem
685 4849 874 4920 interrogatus,
893 4848 916 4903 si
966 4849 1110 4919 insignium
1121 4849 1266 4904 traditione
1275 4850 1427 4972 posteritati
1444 4851 1613 4906 commendet
1630 4869 1636 4904 ι
1656 4849 1756 4905 «furta

105 4921 210 4975 fidelis
225 4918 307 4973 reflrt
320 4917 448 4973 Romanae
467 4927 597 4988 patronus
611 4934 681 4983 esse,
692 4925 720 4973 ct
731 4918 857 4973 defensor
866 4918 916 4973 Ec·
967 4919 1019 4973 boe
1036 4918 1120 4972 altare
1133 4919 1234 4990 (saneti
1249 4917 1277 4973 Si
1289 4921 1388 4990 vestri)
1403 4933 1452 4990 per
1467 4919 1598 4974 directum
1617 4928 1659 4974 est
1672 4920 1759 4975 altare

102 4991 224 5053 elesiae,
242 4988 294 5044 sibi
308 4994 399 5042 autem
416 4989 530 5058 suisque
551 4988 752 5044 successoribus
765 4989 915 5058 peremnia
966 4987 1054 5043 sancti
1069 4986 1185 5044 lfauritii
1200 5004 1237 5043 m.
1254 4988 1288 5043 ad
1306 4989 1377 5057 quod
1387 4990 1490 5045 scilieet
1503 4988 1589 5044 altare
1601 4987 1633 5044 de
1646 4989 1755 5058 antiqua

102 5062 219 5118 fidelis.
247 5058 344 5112 devota
368 5056 533 5127 pmfessioae
553 5058 700 5129 respondit.
716 5056 855 5125 »Quodsi
873 5058 917 5112 eui
966 5057 1160 5114 consuetudine
1176 5058 1359 5113 Rornanomrii
1371 5059 1519 5129 imperator
1534 5074 1549 5112 a
1567 5058 1682 5114 dominis
1701 5059 1756 5128 epi-

101 5129 289 5188 secraineoti
303 5126 440 5182 fidelitatis
460 5143 557 5184 nomen
575 5128 707 5200 displicet,
723 5128 849 5198 iubetque
861 5127 918 5199 pri·
967 5127 1056 5208 scopis
1068 5128 1159 5183 cardd.
1176 5127 1344 5184 benedicitur
1360 5138 1387 5183 et
1397 5129 1515 5199 ungitur.
1532 5129 1572 5183 dd
1586 5128 1671 5183 altare
1693 5142 1756 5184 iero

100 5218 191 5260 ςωιιι
222 5197 408 5268 presentans
426 5212 473 5252 seu
488 5198 658 5268 professionis
681 5197 818 5253 recentius
838 5197 917 5252 adlii-
967 5212 1054 5266 maius
1077 5196 1163 5252 sancti
1188 5198 1261 5252 Petri
1284 5199 1426 5253 adomino
1448 5214 1516 5270 papa
1544 5197 1711 5254 benedicimr
1730 5205 1757 5252 et

99 5274 189 5334 here,
209 5282 323 5340 perine
335 5266 408 5333 lieet,
423 5268 503 5324 modo
518 5276 622 5337 eertum
638 5269 798 5337 firmumque
809 5269 916 5330 babeat,
966 5276 1121 5330 coronatur,
1141 5276 1168 5322 et
1188 5267 1221 5323 de
1234 5280 1406 5324 sacrosancto
1428 5270 1505 5324 altaia'
1522 5267 1581 5337 ejas
1601 5282 1758 5336 permansis

15 5346 16 5355 ’
97 5345 158 5401 sub
177 5337 351 5396 diversitate
368 5338 485 5393 nominis
509 5353 641 5393 summam
658 5336 779 5392 eamdem
792 5351 861 5392 esse.
879 5337 917 5391 Ea
968 5337 1082 5392 flumini
1103 5337 1290 5406 pontificisad
1315 5337 1507 5393 defendendam
1529 5337 1677 5392 Ecclesiam
1701 5336 1758 5407 glass

98 5410 262 5483 siqnidem
275 5406 303 5461 fo
316 5406 415 5461 librum
428 5408 641 5463 ceremonialem
656 5406 750 5472 relata,
769 5406 915 5462 lienrieoli
967 5409 1040 5464 dinm
1061 5408 1167 5476 accipit.
1184 5425 1193 5459 ι
1209 5406 1277 5461 lium
1300 5409 1465 5462 consuetudo
1481 5408 1529 5462 ista
1546 5406 1709 5461 inunctionis
1722 5406 1757 5462 ab

97 5487 150 5553 qni
171 5479 292 5552 primus
306 5484 366 5547 post
387 5476 469 5532 fleur.
484 5477 505 5532 11
524 5473 646 5533 diadema
659 5478 785 5545 suscepit,
800 5478 834 5531 ad
853 5492 918 5548 por-
968 5475 1075 5533 lienriei
1092 5478 1112 5533 1
1128 5477 1302 5533 coronatione
1312 5477 1340 5531 iii
1355 5478 1471 5532 marinio
1485 5476 1529 5531 ilfa
1547 5491 1637 5531 rerum
1650 5485 1758 5547 pertur-

15 5568 16 5577 ¹
97 5565 163 5610 iam
181 5557 352 5617 argenteum
361 5554 403 5601 est
412 5547 543 5612 exhibita,
562 5555 591 5602 nt
601 5557 661 5602 acta
674 5562 717 5617 ap.
727 5547 812 5602 llarron
825 5545 915 5628 (llll,
967 5547 1144 5603 bationeanni
1154 5546 1217 5600 fffl
1228 5548 1372 5617 repetenda
1383 5547 1434 5610 site
1447 5561 1481 5600 an
1492 5554 1581 5615 patuis
1590 5545 1625 5600 ab
1635 5546 1755 5616 aliquan·

97 5642 127 5680 η,
146 5623 178 5692 5)
196 5624 343 5673 testantur
354 5634 363 5670 r
375 5635 384 5668 ι
395 5615 488 5686 ibique
497 5633 530 5673 ex
539 5618 611 5672 libro
622 5617 815 5688 professionem
831 5630 917 5685 impe·
968 5617 1052 5674 tulum
1065 5617 1177 5672 feliciori
1191 5617 1319 5672 friderici
1334 5616 1355 5679 f,
1367 5615 1443 5684 cnjus
1454 5631 1524 5669 anno
1537 5615 1647 5670 ereitcr
1659 5614 1754 5670 ricosi-

96 5685 914 5759 ntoriaimfieiens,apoiitifleeilesignatusestimperator.i
967 5704 1011 5743 mo
1031 5687 1135 5742 ifaflius
1153 5688 1185 5742 de
1206 5703 1237 5742 ea
1250 5687 1396 5748 scribebat,
1415 5686 1609 5754 incompertum
1626 5685 1690 5741 milii
1704 5695 1758 5741 est.

97 5759 246 5822 Perinde
261 5771 332 5810 anno
355 5757 422 5810 1155
444 5754 599 5813 ιἰῑόιιίιιιι
618 5759 628 5813 1
648 5757 828 5822 AEaobarbns,
848 5756 917 5810 actis
967 5759 1047 5813 Certe
1071 5758 1142 5813 inter
1160 5757 1305 5812 ilenrieum
1316 5753 1338 5810 11
1352 5765 1378 5809 et
1397 5754 1563 5810 fridericum
1578 5755 1588 5810 1
1606 5756 1693 5825 spatie
1708 5770 1756 5810 au-

287 5871 424 5930 Pariioi.
449 5869 578 5932 XCi'flf
1541 5869 1581 5927 22
