4050 6192
156 330 202 383 stt
308 321 387 380 cuit.
404 319 544 377 uitiosa.
564 347 600 358 -·
618 313 765 379 nodum..
786 312 875 376 dic..
896 310 963 369 suti
982 310 1098 366 donea
1116 308 1324 368 sanctiatis.
1341 338 1376 351 -—
1394 309 1469 365 EPP.
1489 309 1640 366 suniarii.
1736 313 1813 381 tas,

157 441 190 494 de
202 446 291 493 vestra
305 436 333 491 iu
351 432 495 503 triumphis
511 428 625 485 victoria
651 437 733 498 atque
754 424 944 497 prosperitate,
960 430 1165 494 Asuggereret,
1192 432 1221 478 ut
1244 439 1294 494 per
1318 438 1396 480 suam
1424 423 1548 481 videlieet
1575 424 1791 483 adhortationem

156 531 211 584 imo
226 524 347 597 praeiatae
361 526 468 580 domnae
485 521 597 592 reginae,
615 521 750 589 simulque
764 513 949 571 vestraauobi·
1000 525 1083 587 atque
1097 517 1265 583 suasionem,
1282 532 1333 573 nos
1355 517 1449 572 asedc
1463 526 1557 573 sancta
1581 517 1719 585 dipritatis
1741 536 1808 585 nc·„

158 617 265 673 issirnn
286 614 399 678 subolis,
416 612 574 683 pariterque
598 616 757 665 cunctorum
780 604 950 661 fidelissimo·
1000 615 1075 673 stra,
1089 607 1161 676 quod
1176 608 1256 671 absit,
1271 605 1370 674 ejicere
1381 606 1525 671 deberetis,
1545 615 1573 661 et
1585 607 1669 662 alium
1687 608 1792 665 ibidem

158 724 216 763 rum
235 716 386 763 vesuomm
401 700 585 772 subiectorum
601 699 757 755 sinceritate
779 709 862 768 atque
879 697 950 754 ineo·
1001 697 1035 752 de
1058 706 1139 769 geute
1163 710 1253 754 vestra
1276 699 1456 755 institueretis
1467 707 1612 765 rectorem,
1626 698 1698 769 qnod
1717 700 1797 756 valde

158 799 290 855 lumitate.
315 796 419 866 Nempe
437 793 545 864 quidem
564 791 675 847 credere
697 789 861 860 dignemini,
887 788 950 858 quia
1001 788 1226 844 nefandissimum
1240 805 1274 846 ac
1285 791 1451 846 contrarium
1464 790 1491 846 in
1503 789 1591 848 oculis
1606 791 1797 862 ratramn-

156 889 231 947 nulie
251 887 331 945 modu
343 896 437 943 nostra
455 883 605 954 apostoliea
628 880 755 936 desinunt
773 878 903 951 suffragia
923 877 952 933 in
1002 880 1057 934 ruit
1078 877 1223 951 seriptum,
1249 882 1340 936 etboc
1353 882 1464 937 omnino
1477 880 1578 938 salsum
1598 896 1687 939 casea
1705 891 1797 939 vestra

157 980 327 1037 couiessioue
349 977 423 1035 beati
457 975 531 1031 Petri
557 972 685 1044 clavigeri
714 971 790 1042 regni
820 969 952 1025 coeloruru
1002 973 1161 1029 excellentia
1177 990 1225 1045 pro
1237 974 1389 1030 certissimo
1402 973 1581 1044 dignoscitur,
1596 975 1659 1045 quia
1675 990 1726 1031 nec
1739 975 1797 1045 ipse

156 1073 278 1129 urrann
291 1086 342 1142 pro
355 1069 431 1125 tebit
452 1082 567 1121 exorare
582 1065 766 1129 clenentiam,
788 1063 852 1133 ιιιιι
873 1077 952 1133 uror·
1002 1067 1060 1125 cm
1078 1070 1148 1124 aare
1166 1069 1347 1125 rurationem
1361 1067 1473 1123 nurse
1485 1069 1563 1125 rotis
1580 1068 1654 1133 rccrr,
1668 1077 1697 1125 er
1711 1069 1798 1123 rutra-

156 1180 204 1221 sus
218 1164 350 1220 certiores
367 1175 468 1224 sumus,
491 1158 564 1230 quod
586 1173 640 1212 uon
660 1155 759 1212 desiuit
780 1162 870 1209 vestra
885 1169 951 1224 prae
1003 1167 1083 1213 tenus
1106 1157 1134 1212 in
1155 1158 1237 1215 corde
1259 1158 1339 1214 aliter
1362 1157 1495 1222 ascendit,
1519 1158 1626 1213 nisiut
1649 1158 1799 1228 paternitas

156 1254 310 1311 misissima
330 1252 429 1324 regalis
441 1251 638 1313 benevolentia,
653 1263 702 1319 pro
719 1246 883 1303 exaltatione
895 1259 954 1300 ma·
1003 1256 1112 1313 nestra,
1140 1263 1189 1318 per
1213 1248 1263 1303 lici
1286 1248 1518 1313 misericordiam,
1546 1246 1605 1316 ejus
1632 1250 1800 1319 temporibus

156 1348 207 1403 tris
223 1362 283 1402 svm
302 1355 403 1401 macta
421 1344 550 1399 Romame
576 1342 715 1405 Ecclcs'ae,
734 1355 794 1411 qnae
811 1347 855 1395 est
872 1345 955 1408 eaput
1004 1347 1128 1393 sanctam
1141 1338 1188 1392 liei
1202 1337 1351 1393 Ecclesiam
1376 1352 1472 1408 regere
1485 1346 1514 1392 et
1526 1339 1679 1408 gubemarc
1699 1338 1801 1402 taient,

156 1439 283 1497 emnium
296 1438 500 1495 ecclesiarum·
513 1446 541 1493 et
562 1445 656 1493 nostra
676 1435 825 1507 apostolica
840 1442 954 1504 paterna
1004 1430 1038 1485 ad
1051 1427 1201 1499 pmiectum
1222 1428 1346 1485 videlicet
1369 1429 1490 1484 omnium
1516 1426 1745 1494 Christianorum,
1771 1430 1801 1485 in

157 1531 240 1603 505
253 1530 444 1602 prosperitate,
455 1528 564 1599 penitus
580 1543 687 1584 summo
705 1527 801 1582 annisu
817 1532 952 1591 tractare;
1005 1518 1104 1588 quibos
1116 1532 1166 1573 nos
1184 1517 1295 1573 omnino
1306 1516 1401 1587 procul
1412 1516 1494 1573 dubio
1504 1518 1539 1573 dc
1550 1526 1639 1573 vestra
1653 1519 1736 1589 reguli
1750 1533 1801 1587 po·

156 1624 231 1679 sicat
248 1622 313 1678 oiim
332 1629 432 1677 mucra
447 1620 642 1677 recordationis
662 1619 793 1691 genitoris
808 1617 847 1672 tui
861 1616 956 1677 domni
1006 1607 1092 1664 tenda
1104 1606 1272 1663 corridentes
1286 1606 1438 1671 existimus,
1451 1607 1515 1676 quia
1529 1622 1594 1674 erga
1606 1618 1726 1663 nostram
1740 1624 1802 1677 apo-

154 1712 350 1786 Pippiui,almi
369 1712 441 1784 regis
458 1699 581 1766 normam
594 1710 722 1781 suscepit,
736 1709 802 1781 quia
815 1707 886 1764 sicet
901 1720 956 1764 εω-
1006 1699 1130 1755 stolicam
1144 1697 1335 1768 paternitatem
1356 1695 1416 1765 eius
1433 1697 1561 1754 benevola
1584 1707 1666 1767 atque
1686 1698 1803 1770 inexpu-

155 1807 215 1879 pit,
237 1806 291 1860 line
310 1811 389 1859 tenus
420 1800 581 1858 immutilate
607 1799 738 1872 perfecit3
765 1799 843 1871 errius
865 1797 955 1870 adepti
972 1780 1123 1866 Bgnnbttis
1136 1792 1285 1850 crtbodma
1309 1790 1386 1855 tides,
1408 1789 1516 1847 fervens
1529 1790 1639 1864 [Grets.,
1664 1790 1761 1865 scruct]
1777 1794 1806 1849 in

158 1896 314 1954 doctrinam
337 1893 436 1971 celsior
452 1892 589 1966 suffragiis
608 1892 793 1962 apostulorum
806 1901 834 1950 ct
856 1894 956 1950 nostris
1007 1884 1110 1954 Spiritu
1131 1881 1313 1952 sanctonum
1333 1890 1363 1935 ιιι
1375 1880 1446 1951 ignis
1460 1881 1558 1936 ardnrs
1574 1880 1731 1950 precellens
1744 1896 1803 1935 ma·

158 1986 281 2043 assiduis
305 1984 549 2039 interventionibus
567 1966 657 2038 restra
675 1982 702 2037 iu
724 1984 850 2040 omuibus
865 1985 958 2040 existit
1008 1976 1093 2040 uouit,
1105 1983 1132 2029 111
1145 1973 1219 2030 nun⁰
1235 1973 1315 2028 11111ᾱο
1332 1972 1437 2041 arraudi
1456 1972 1543 2027 103111
1557 1974 1675 2027 versutia
1690 1972 1716 2027 ἱιι
1738 1987 1807 2042 qua·

159 2076 264 2148 regalis
280 2076 412 2146 potentia.
1008 2064 1075 2122 libet
1088 2064 1185 2120 heresi
1208 2070 1355 2119 concutere
1376 2075 1437 2116 eam
1451 2062 1563 2125 vaiebit,
1584 2070 1679 2117 centra
1692 2062 1807 2117 catholi-

192 2167 284 2223 Pcrro
304 2165 332 2220 iu
353 2165 420 2235 ipsis
435 2165 572 2238 regalibus
594 2165 717 2236 apicibus
741 2166 840 2222 vestris
855 2165 957 2222 relere-
1009 2172 1070 2212 11111
1092 2154 1322 2225 alt0⁸l0¹302³¹¹¹iiue
1345 2153 1524 2209 0f¹h⁰d0¹²¹¹¹
1552 2155 1642 2220 “flenti
1664 2155 1722 2220 sed,
1737 2155 1809 2211 810111

158 2262 253 2327 batur,
266 2259 340 2331 quod
354 2258 422 2323 otta,
440 2259 528 2330 genus
539 2258 688 2328 duplorum
701 2274 747 2313 res
763 2259 787 2324 1,
803 2269 900 2315 vestrae
920 2259 961 2314 di·
1010 2260 1148 2328 specuium
1170 2257 1228 2310 siue
1250 2253 1354 2309 macula
1376 2252 1496 2322 ejusdem
1510 2255 1668 2309 nrttrodorae
1681 2254 1745 2311 adei
1758 2272 1809 2312 nc-

160 2353 281 2408 rexisset
291 2351 375 2422 regati
387 2350 564 2414 excellentia,
578 2349 785 2420 significandam
799 2350 958 2416 indiculum,
1010 2358 1128 2417 memque
1151 2360 1263 2400 summac
1277 2344 1350 2399 sedis
1362 2359 1443 2399 vcraa
1457 2351 1485 2398 et
1507 2342 1612 2414 fulgens
1626 2343 1752 2401 deicusor
1765 2348 1808 2401 ri-

159 2454 189 2499 nt
202 2444 291 2514 aliqui
309 2443 399 2498 aemuli
414 2443 497 2498 vestri
514 2457 546 2498 ae
562 2442 631 2497 sair
652 2441 685 2497 ad
706 2451 799 2498 nostra
814 2443 961 2514 apostolica
1012 2441 1187 2497 brantissime
1198 2439 1226 2493 in
1248 2454 1336 2494 return
1359 2438 1479 2493 mauebit
1489 2437 1521 2503 d;
1535 2438 1656 2508 praelate
1668 2455 1733 2498 rere
1753 2442 1823 2499 illu.

159 2533 246 2607 506
262 2532 379 2604 uestigia
399 2531 560 2598 iudicarent,
575 2532 647 2603 quod
662 2532 733 2589 idem
745 2531 805 2590 oua
823 2549 868 2589 rex
886 2535 962 2591 vobis
1012 2535 1070 2590 vies
1083 2531 1242 2588 assertionis
1255 2545 1337 2601 qtram
1351 2527 1453 2591 luteris,
1477 2537 1506 2583 ut
1518 2529 1570 2583 dici
1592 2528 1669 2585 arcias
1680 2542 1732 2596 est,
1744 2531 1810 2588 otta

196 2685 211 2713 ¹
239 2670 287 2727 Sic
317 2668 412 2739 Stepb.
430 2668 462 2724 tt
490 2669 552 2741 (cp.
574 2668 623 2734 to,
649 2669 685 2724 al.
710 2669 742 2741 5)
762 2669 835 2725 Petri
853 2671 963 2727 nentina
1013 2668 1219 2740 burgensibus:
1246 2664 1351 2720 utinam
1382 2671 1408 2719 et
1438 2679 1490 2718 non
1517 2663 1598 2720 alicui
1628 2680 1661 2719 cx
1692 2668 1809 2724 nestris!

158 2743 280 2799 aiebat:
302 2740 468 2796 stlatbolica
488 2750 514 2794 et
526 2740 765 2810 apostolicalicm.
780 2741 901 2797 Ecclesia
915 2757 963 2797 ca-
1015 2740 1061 2812 qui
1083 2746 1184 2810 quantu
1204 2735 1324 2792 bisteriae
1343 2733 1489 2805 pontificia
1513 2736 1665 2790 eruditione
1683 2739 1813 2807 praeditus

161 2821 210 2885 pat
240 2812 365 2869 omnium
388 2810 566 2867 ecclesiarum
592 2811 639 2866 liei
667 2811 753 2881 ipsius
785 2812 965 2881 redemptoris
1016 2812 1062 2874 sit,
1088 2808 1240 2879 patefacit:
1266 2821 1320 2861 non
1347 2807 1419 2861 euim
1442 2805 1509 2860 ridrt
1529 2804 1679 2862 adrianum
1702 2822 1812 2864 snomnr

161 2884 251 2940 nostri
272 2881 441 2954 sanguines
478 2882 626 2936 erbrmam
645 2882 757 2937 lundata
771 2890 888 2952 petram.
905 2904 914 2935 r
932 2882 965 2939 Et
1015 2883 1248 2950 predecessorum
1268 2877 1412 2933 sententiis
1424 2891 1485 2931 csse
1504 2891 1592 2931 usum.
1605 2876 1639 2931 Et
1653 2892 1720 2935 vero
1732 2878 1813 2934 Borri-

162 2950 967 3092 aialddbtidst‘tlltliriilltrll'ili
1018 2951 1251 3078 iibleilttt
1258 2945 1316 3072 sil
1325 2946 1695 3089 {nitidisnlitidis
1711 2948 1815 3077 liti

161 3096 333 3152 Christiane
352 3093 474 3148 Renum
498 3092 629 3148 Ecclesia.
646 3111 656 3143 r
672 3093 736 3148 llaec
761 3092 896 3163 siquidem
916 3093 967 3148 Pu·
1019 3093 1106 3162 surgit
1127 3088 1265 3146 habitator
1285 3089 1438 3145 coelestium
1461 3103 1514 3141 non
1529 3089 1630 3157 poterit
1643 3037 1815 3164 esse'repuo·

164 3178 239 3222 trum
258 3164 395 3221 sententia
408 3172 473 3219 cstz
496 3163 609 3219 rllabes
626 3163 751 3229 Rumam,
765 3165 804 3218 ait
825 3131 1003 3219 l'ertullia·c
1019 3179 1089 3226 rum,
1112 3161 1180 3225 libi,
1205 3160 1302 3229 inquit,
1329 3159 1399 3213 dubo
1421 3157 1505 3213 clerus
1532 3160 1605 3231 repnr'
1625 3161 1760 3227 celerem,
1787 3165 1815 3221 iu

165 3254 217 3293 nus
227 3237 276 3308 (dc
290 3234 404 3289 Precor.
418 3249 443 3288 c.
459 3232 516 3304 id),
533 3235 604 3289 uude
622 3234 702 3289 nobis
743 3249 832 3305 noque
848 3233 966 3290 auctori·
1019 3248 1080 3303 quac
1091 3231 1181 3288 nulius
1198 3232 1257 3285 sine
1268 3230 1355 3299 gratia
1364 3227 1493 3297 janitoris
1506 3228 1620 3286 intrabit
1639 3251 1648 3285 r
1669 3232 1733 3302 (dp.
1745 3236 1816 3290 tiou-

164 3319 209 3363 tas
220 3312 327 3378 praesto
346 3313 398 3360 ast.
421 3305 476 3388 lsta
489 3318 571 3373 quana
595 3248 867 3370 tertiaedecimae
883 3313 968 3360 totam
1019 3312 1103 3359 stant.
1118 3320 1145 3373 p.
1161 3301 1253 3371 tuit).
1281 3319 1290 3351 r
1309 3300 1377 3356 Cum
1391 3304 1497 3355 certum
1513 3300 1558 3381 sit,
1583 3310 1612 3355 ut
1632 3303 1670 3356 ait
1683 3303 1817 3374 principio

166 3378 326 3436 doctrinam
342 3377 457 3446 apostoli
481 3389 544 3430 eum
562 3376 695 3447 sanguiue
714 3374 906 3444 profuderunt!
922 3375 968 3430 ubl
1019 3374 1161 3445 epistotae,
1192 3386 1326 3426 summam
1355 3385 1446 3425 rernrrr
1475 3384 1507 3424 er
1536 3384 1595 3438 erus
1621 3372 1818 3430 deliberatione

165 3448 267 3506 Petrus
287 3446 408 3519 passioni
437 3446 585 3502 linurinicae
610 3446 777 3516 adaquatur,
800 3445 845 3502 ubl
867 3445 969 3501 Paulus
1020 3445 1148 3515 pendere.
1172 3463 1181 3495 r
1202 3440 1343 3497 Adcautur
1362 3441 1501 3497 oraticnes
1525 3448 1553 3496 ct
1577 3457 1674 3511 preces
1698 3445 1817 3514 aritinus

164 3517 283 3575 ioannis
309 3516 385 3572 exitu
416 3524 577 3581 coronatur,
603 3516 650 3572 ubi
684 3515 823 3587 apostotus
852 3514 970 3572 loannes
1021 3516 1056 3571 ad
1067 3514 1214 3570 marimum
1227 3512 1300 3567 bunc
1313 3512 1441 3567 Ecclesia
1456 3513 1750 3583 urriversaepatronom,
1762 3531 1817 3572 nou

165 3599 348 3663 posteaquam
359 3588 388 3642 irr
400 3588 491 3644 oleum
501 3587 611 3656 igneum
635 3588 775 3642 demersus
795 3585 970 3657 nibilpassus
1021 3587 1094 3641 enim
1115 3591 1193 3639 uacat
1216 3583 1298 3638 rebus
1316 3597 1365 3652 per
1389 3599 1419 3638 se
1449 3581 1531 3637 elaris
1560 3584 1710 3638 immorari.
1733 3586 1817 3643 Cara.

165 3670 224 3728 cst,
236 3662 269 3716 iu
281 3659 400 3714 insulam
411 3658 579 3729 relegaturlr
594 3656 757 3726 C'prianus,
768 3673 811 3727 ep.
831 3656 887 3713 ὅδε
904 3676 913 3708 ι
928 3657 971 3712 nd
1057 3654 1151 3712 ¹›0ch
1174 3652 1337 3708 ilorciornm
1360 3656 1432 3724 regis
1451 3667 1496 3707 res
1515 3662 1605 3724 gestas
1628 3652 1739 3725 ejusque
1751 3670 1819 3728 prae·

166 3733 244 3788 Petri
268 3729 428 3812 cathedram
457 3730 587 3798 atquead
608 3673 759 3783 decrustans
781 3728 970 3798 principalem,
1022 3726 1196 3783 decessorum
1222 3723 1384 3789 historiam,
1415 3723 1504 3794 quoad
1528 3725 1589 3780 lieri
1613 3726 1702 3795 potuit
1729 3728 1819 3782 urinas

168 3803 242 3859 uude
268 3807 360 3855 unrtas
386 3797 563 3855 sacerdotalis
583 3807 679 3854 exerta
695 3807 738 3853 est
754 3816 761 3852 ε
783 3818 792 3850 r
818 3804 846 3852 et
866 3798 926 3853 aliis
944 3797 971 3850 in
1023 3797 1167 3853 obscuram
1183 3794 1320 3849 recensuit
1332 3809 1366 3848 er
1382 3794 1452 3849 llcda
1467 3792 1573 3848 Natalis
1588 3795 1666 3850 Ater.
1682 3798 1757 3867 (sae.
1769 3814 1829 3862 vrrr,

167 3871 298 3945 epistolis
315 3872 429 3953 passim.
450 3869 526 3925 liittc
538 3880 653 3925 caeteros
674 3869 702 3924 in
716 3883 745 3924 re
760 3868 826 3924 satis
843 3876 917 3923 nota.
938 3866 973 3920 lit
1023 3882 1084 3937 cap.
1104 3867 1131 3930 8,
1151 3864 1218 3986 57).
1234 3862 1269 3916 bt
1293 3863 1456 3933 Polydorum
1472 3863 1612 3935 Virgilium
1633 3878 1818 3923 secuturarum

168 3944 255 4000 velim
279 3941 461 4000 ammadverti
473 3955 536 4011 mnas
552 3955 618 3995 vcra
637 3938 772 3995 sententia
795 3946 869 3994 esset
892 3938 972 3994 llorrn
1024 3937 1143 3992 baronio
1158 3933 1186 4008 (l
1205 3933 1272 3998 5‚n.
1292 3934 1338 4004 tu)
1363 3931 1428 3988 (iiic
1448 3932 1514 3986 vitia
1541 3935 1687 3990 virtutihus
1703 3935 1816 4005 majora,

168 4012 304 4079 Ecclesiae
312 4020 376 4068 aute
393 4026 498 4067 annum
506 4009 691 4066 millesimum.
705 4008 883 4080 Sequicribus
901 4009 974 4064 enim
1025 4022 1141 4077 quorum
1151 4004 1321 4075 punitionem
1338 4011 1463 4060 metucns
1474 4003 1588 4059 Romam
1606 4005 1679 4059 vcnit
1691 4020 1818 4076 reguum-

170 4084 328 4142 weulisea
342 4096 408 4137 vcra
431 4082 565 4137 sententia
579 4095 627 4136 seu
646 4080 756 4135 untione
781 4079 881 4135 amissa
904 4080 976 4134 inter
1025 4093 1078 4148 que
1103 4092 1181 4132 suum
1206 4082 1308 4131 sanetae
1336 4075 1409 4129 sedis
1429 4073 1560 4145 vectigale
1586 4074 1659 4141 iecit,
1682 4077 1819 4134 concludit

170 4158 315 4212 Romanas
324 4154 452 4211 basilicas
465 4159 525 4208 orta
538 4151 662 4222 questio,
675 4166 735 4222 quae
754 4151 884 4205 intereas
901 4148 976 4204 vidc—
1026 4165 1072 4204 arr.
1088 4147 1141 4205 tii
1166 4147 1237 4216 quod
1257 4144 1357 4215 Papius
1378 4145 1413 4199 ad
1437 4147 1561 4199 eumdem
1587 4160 1688 4199 annum
1712 4148 1752 4220 (rr.
1772 4148 1818 4218 to)

170 4236 253 4282 retur
265 4240 327 4281 esse
341 4225 439 4294 major.
455 4222 536 4280 Levis
550 4222 660 4292 quidem
673 4221 797 4291 quadie,
809 4235 891 4291 quam
902 4233 977 4275 sum·
1027 4226 1104 4274 notat
1126 4232 1187 4273 esse
1209 4216 1316 4279 lalsum,
1340 4225 1368 4270 et
1387 4231 1448 4270 curn
1467 4216 1610 4271 annalibus
1637 4216 1741 4273 Aliordi
1760 4233 1818 4273 rom

171 4298 226 4354 tuis
254 4296 360 4352 viribus
391 4295 519 4365 utrinque
546 4294 711 4417 exagitatam
733 4307 787 4347 uon
807 4291 975 4362 ignoramus.
1027 4290 1116 4347 dillert
1128 4289 1163 4343 ad
1177 4304 1223 4343 an.
1239 4286 1300 4341 titt.
1314 4286 1354 4341 Er
1366 4288 1418 4342 bac
1432 4285 1544 4340 Adriani
1562 4287 1674 4353 epistola
1694 4288 1821 4358 deceptos

170 4367 318 4424 liunenim
333 4373 485 4437 reputatur,
504 4363 576 4434 quud
622 4362 735 4418 driauus
745 4360 858 4431 eiusque
870 4362 977 4430 praude-
1028 4359 1203 4427 corrstat,qui
1217 4374 1280 4413 curn
1293 4358 1447 4412 liaconicct
1466 4355 1555 4411 Natali
1570 4356 1704 4429 Polydoro
1718 4357 1821 4414 babent

171 4453 300 4495 cessores
314 4451 358 4507 ap.
375 4435 542 4491 Lateranum
560 4433 691 4505 degentes
701 4432 728 4487 id
740 4431 870 4501 temporis
889 4429 976 4485 saneti
1029 4431 1121 4486 iidem.
1135 4429 1173 4484 lo.

172 4509 251 4566 Petri
269 4506 414 4564 ecclesiam
432 4513 497 4559 tunc
513 4503 758 4560 eatramoeuiauam
781 4501 1015 4571 caterisnrbisp
1062 4513 1074 4540 ι
1093 4500 1164 4554 bun.
1177 4498 1239 4554 787.
1254 4498 1435 4555 Calcbutcuse
1450 4497 1594 4553 concilium
1608 4499 1643 4553 ab
1655 4507 1757 4554 sanctae
1776 4514 1820 4555 sc-

172 4579 304 4637 ecclesiis
329 4574 488 4647 praeierunt.
515 4576 658 4645 Repesuue
679 4572 847 4629 Francorum
874 4571 975 4642 aliique
1027 4572 1068 4627 dis
1080 4570 1176 4642 legatis
1189 4569 1321 4641 Gregorio
1331 4567 1449 4625 Ostiensi
1462 4577 1489 4622 ct
1503 4567 1704 4640 Tbeopbylacto
1719 4570 1823 4625 luder·

173 4650 317 4722 principes
330 4648 412 4704 aliam
425 4662 480 4703 uon
491 4647 618 4701 videntur
635 4644 757 4713 acepisse
769 4657 820 4713 pro
841 4643 974 4707 licrnaua,
1027 4643 1084 4698 tino
1096 4641 1231 4712 episeopis
1248 4650 1289 4696 est
1302 4640 1477 4701 celebratum,
1501 4640 1545 4695 cui
1559 4642 1652 4695 aderat
1676 4640 1733 4710 ipse
1752 4639 1820 4705 dua,

175 4736 263 4794 quam
279 4720 449 4781 vaticanam,
471 4718 517 4775 nbi
541 4730 651 4772 sacrum
663 4715 719 4770 divi
733 4713 807 4769 Petri
820 4728 920 4783 corpus
934 4727 977 4767 re·
1027 4711 1061 4767 de
1083 4728 1138 4782 quo
1158 4711 1239 4782 legati
1255 4713 1289 4767 ad
1303 4709 1450 4765 adrianum
1466 4709 1562 4782 rhabb.
1581 4709 1675 4764 condi.
1694 4719 1759 4765 torn.
1779 4711 1822 4776 Vl,

174 4790 412 4865 quiescis-Quare
423 4789 588 4860 Epiubartus
610 4783 658 4858 (ι’.
672 4783 735 4840 Ger.
751 4784 834 4852 cili
849 4782 975 4847 allirmat,
1027 4797 1056 4853 p.
1083 4781 1163 4909 18θῇ
1181 4783 1329 4852 innuuntur
1349 4782 1393 4836 iris
1414 4780 1531 4835 verbis:
1555 4798 1564 4830 ι
1591 4779 1767 4837 Pervenimus
1790 4782 1824 4836 ad

175 4864 254 4935 quod
276 4860 417 4918 Carolus«
434 4859 540 4916 colebat
557 4872 615 4928 pne
639 4857 747 4911 caeteris
766 4856 863 4920 sacris,
886 4864 914 4909 et
931 4868 978 4908 ve-
1029 4854 1117 4909 aulam
1165 4852 1206 4908 dm
1221 4852 1294 4924 repis
1312 4851 1485 4906 llerciorum.
1510 4850 1546 4905 bt
1568 4850 1614 4906 illc
1634 4865 1696 4905 cum
1723 4850 1828 4922 ingenti

176 4933 350 4991 acrabilibns
363 4930 431 4989 loeis
446 4931 517 5000 apud
530 4929 645 4984 liomam
659 4926 805 4982 erendum
818 4924 890 4981 beati
904 4923 978 4978 Petri
1029 4924 1128 4993 gaudio
1141 4926 1176 4979 ob
1193 4923 1371 4979 reverentiam
1385 4921 1456 4977 beuti
1470 4920 1542 4975 Petri
1556 4928 1583 4976 et
1594 4921 1678 4976 vestri
1692 4921 1828 4991 apostola-

175 5004 350 5076 aposteli...
371 5002 405 5058 Et
431 5001 547 5059 ecclesia
570 4997 657 5054 sancti
689 4996 762 5053 Petri
791 4995 906 5066 apostoli
930 5008 979 5062 per
1030 5005 1076 5050 tus
1096 4995 1239 5058 bonorem,
1253 4993 1372 5061 suscepit
1386 4999 1442 5046 tarn
1457 5006 1601 5062 nosquam
1625 5006 1719 5047 sacros
1736 4993 1828 5062 apices

176 5077 324 5132 illumuon
335 5072 423 5130 solum
437 5078 496 5128 tuta
511 5085 544 5126 ac
561 5067 682 5134 defensa,
696 5068 743 5123 sed
757 5068 839 5122 etiarn
853 5066 910 5121 suis
922 5066 980 5135 opi-
1030 5080 1046 5120 a
1070 5080 1176 5120 summa
1198 5066 1261 5120 sede
1279 5064 1391 5120 delatos.
1408 5081 1417 5114 r
1433 5060 1497 5117 llaec
1517 5077 1582 5117 vero
1606 5062 1674 5116 satis
1691 5077 1828 5132 superque

178 5150 233 5203 lrus
261 5146 440 5202 rmomuibus
459 5140 583 5198 ecclesiis
600 5146 781 5195 essctoraata
799 5153 833 5193 ac
854 5136 976 5192 ditata.»
1030 5134 1178 5191 ostendunt
1201 5145 1256 5189 mm
1283 5133 1408 5190 carolum
1432 5146 1513 5202 quam
1538 5130 1624 5188 (iiiam
1646 5148 1828 5188 summarum

177 5160 311 5288 {limique
324 5224 383 5272 totu
402 5212 429 5269 i'n
453 5214 507 5268 isto
526 5211 627 5268 Codice
647 5208 815 5280 frequentius
841 5206 977 5269 occurrit,
1032 5206 1085 5260 ilde
1103 5205 1244 5260 audaciam
1260 5205 1442 5275 improborum
1458 5203 1597 5258 bominum
1608 5202 1762 5271 patefacere
1774 5202 1826 5271 ipsi
1881 5226 1885 5235 ·

178 5302 264 5357 quam
281 5287 381 5343 Petrus
392 5284 464 5355 apud
478 5284 564 5339 ileum
583 5284 746 5337 intercessor
757 5293 807 5348 pro
821 5278 935 5333 victoria
948 5277 982 5332 dc
1031 5275 1162 5331 Adriano.
1180 5276 1313 5331 Praeterea
1331 5275 1490 5339 notandum,
1504 5274 1575 5343 quod
1590 5272 1704 5342 apostol.
1731 5271 1829 5342 legatis

178 5358 309 5414 [turbaris
324 5358 491 5416 monibus,
507 5370 541 5409 ac
553 5368 604 5425 pro
620 5350 810 5421 amplificanda
825 5350 859 5404 iis
869 5347 982 5403 ebriatis
1033 5347 1121 5403 Caroli
1148 5349 1247 5401 missus
1263 5347 1423 5409 adhaeserat,
1449 5355 1594 5412 actumque
1612 5350 1654 5397 est
1671 5343 1698 5396 irr
1712 5343 1829 5398 coneilio

179 5427 353 5486 Francorum
366 5425 535 5490 monarchia,
553 5421 813 5494 regnumipsumad
828 5419 982 5476 Curclirram
1034 5420 1068 5474 de
1090 5417 1217 5487 plurimis
1242 5415 1419 5473 emendandis
1440 5415 1524 5479 vitiis,
1549 5429 1611 5484 quar
1637 5426 1680 5467 res
1699 5413 1830 5482 improbis

180 5498 298 5568 stirpem
314 5515 330 5553 a
347 5499 428 5554 Petro
444 5512 494 5566 per
509 5507 681 5552 successores
698 5506 763 5548 suos
788 5506 836 5547 seu
854 5490 981 5553 sicarios,
1034 5488 1190 5545 horninibus
1203 5502 1297 5542 ansam
1322 5488 1405 5550 dedit,
1419 5486 1446 5539 ni
1471 5484 1559 5546 lallor,
1573 5482 1743 5566 mardagendi
1757 5485 1832 5555 regio

181 5578 214 5625 ut
230 5577 289 5627 tum
303 5568 458 5631 audiebant,
472 5566 638 5624 translatum
656 5564 757 5620 dieitur
769 5562 795 5619 in
809 5562 906 5617 eodem
929 5561 984 5616 Co·
1035 5559 1145 5616 nomine
1159 5557 1354 5614 audacissimus
1376 5557 1436 5612 illas
1455 5555 1569 5621 litteras,
1582 5569 1643 5624 «puae
1661 5554 1771 5610 radicati
1786 5571 1832 5610 no
1859 5602 1861 5607 .

182 5641 258 5706 elice,
269 5641 340 5695 bona
351 5638 461 5696 demum
472 5636 632 5708 temporalia
645 5642 673 5689 et
685 5642 787 5691 mtcrua
796 5646 845 5703 per
857 5630 984 5702 clavigeri
1037 5632 1111 5686 mine
1125 5637 1319 5685 memorantur.
1335 5629 1373 5682 lo.

182 5711 266 5793 regni
278 5710 410 5767 celarent
424 5709 606 5779 patrocinium
616 5705 784 5761 Francorum
797 5704 907 5775 regibus
922 5718 986 5772 pro-
1073 5700 1086 5741 1
1107 5700 1170 5755 llaec
1183 5700 1309 5754 ridentur
1321 5695 1461 5753 reserenda
1472 5697 1506 5751 ad
1518 5695 1677 5767 praedictum
1688 5694 1833 5752 concilium

183 5787 344 5837 mittuntur.
375 5780 441 5850 Quae
473 5777 646 5851 potissimum
670 5775 740 5832 male
773 5774 848 5830 olent
879 5773 986 5845 llapdc-
1039 5770 1214 5841 crdnsprimo
1229 5784 1288 5840 cap.
1303 5768 1453 5824 orthodoxa
1467 5765 1604 5836 riurjana
1620 5767 1756 5823 Nimrrrum
1770 5780 1833 5820 eou-
