4050 6192
216 356 267 416 tta
676 360 707 414 li.
728 361 853 432 cincti
871 359 978 418 mani
996 360 1073 442 021³.
1092 359 1183 416 PARS
1199 360 1231 415 lt.
1251 359 1372 426 SECTK)
1389 360 1420 415 it.
1785 359 1840 417 wa

215 473 314 546 tannem
334 461 464 544 quamtis
478 461 640 534 religiosam.
663 464 801 537 Siquidem
820 468 921 526 sauma
936 483 998 546 cuin
1010 468 1173 546 Aecclesia,
1184 479 1212 525 ct
1226 469 1316 542 legat:
1335 469 1476 528 Βοωέιιιιιιι
1487 467 1657 526 maurusia
1668 468 1801 537 adorauit,
1811 482 1839 529 at

215 533 320 612 titi-isto
344 533 516 612 regnantibus
540 535 610 594 lianc
632 538 729 592 asserit
746 536 856 593 ibidem.
878 555 888 588 ι
916 537 999 606 Cuius
1050 539 1424 606 illiiotiseroies;etmoi·ut
1437 540 1464 594 iri
1477 547 1611 596 consentu
1625 540 1733 604 scierit,
1749 540 1839 598 dicat:

214 611 294 656 cnam
306 604 413 682 mitens,
422 602 581 684 inquit3qui,
596 604 758 674 triumpbutn
771 607 957 672 diabolu,cum
966 623 999 664 eo
1053 627 1063 660 ι
1086 609 1208 678 Suscipio
1222 618 1250 664 et
1261 610 1408 690 amplector
1422 608 1615 664 bonorub'diter
1632 617 1742 674 muctar
1752 620 1780 674 et
1792 626 1840 668 ve·

234 743 237 748 ⁴
261 681 336 750 uniit,
350 686 406 726 sne
419 687 481 743 quia
494 676 608 730 viriliter
624 684 795 731 certauerunt
808 686 837 732 ut
849 680 883 734 ad
894 693 944 734 nos
955 678 999 732 in·
1053 696 1063 730 ι
1081 681 1213 735 necandas
1234 680 1375 748 imagines,
1393 689 1422 733 et
1438 679 1490 733 illis
1505 680 1645 734 scrunium
1663 679 1839 749 adoradcuis,

214 755 245 795 cu
258 756 327 793 arius
343 741 468 798 Ecclesiae
488 750 575 800 status
591 746 752 813 perveniret,
771 746 828 801 sire
848 751 910 818 quia
926 762 1000 802 eani-
1053 768 1064 802 ι
1085 749 1157 817 quod
1179 749 1399 804 consubstantiali
1416 757 1443 803 et
1458 747 1626 803 vivificatrici
1648 747 1775 804 Trinitati
1791 751 1841 808 de·

214 815 275 889 deiii
290 809 437 868 Ecclesiam
449 812 564 869 assiduis
577 814 712 885 suffragiis
722 825 750 870 et
763 815 1000 873 intercessionibus
1054 819 1187 882 ‹betur‚l
1270 819 1318 885 du;
1334 838 1346 870 ι
1360 818 1840 887 sicquescindivtntsaeibtsiusta·

214 880 341 960 adinrare
353 890 508 961 noscuntur,
524 885 660 939 veneratio
676 886 825 942 exbibenda
837 895 888 941 est
906 906 916 938 ι
932 885 1001 944 lina·
1051 889 1143 954 iidem,
1159 902 1213 942 sea
1227 893 1252 942 'u
1280 903 1327 943 ore
1339 888 1521 957 promentem,
1541 888 1614 943 aliud
1628 890 1710 944 corde
1723 891 1837 946 creden·

213 949 319 1030 gmibns
330 952 436 1019 quidem
448 965 542 1021 parem
556 968 588 1008 ac
605 954 706 1010 sanctis
720 954 786 1026 ipsis
803 956 1000 1012 venerationem
1052 965 1116 1022 tem,
1136 958 1208 1014 aiud
1220 957 1317 1013 divinis
1332 957 1438 1030 paginis
1462 957 1603 1027 legentem,
1621 958 1693 1013 aliud
1717 959 1744 1016 in
1761 969 1843 1016 mern

213 1024 391 1076 subruendum
417 1031 511 1090 negat,
535 1038 642 1082 ornnem
657 1023 758 1079 cultum
771 1033 799 1079 et
817 1026 1001 1082 adorationem
1051 1027 1169 1106 pectoris
1186 1028 1228 1086 sui
1242 1036 1376 1084 tenentem
1390 1035 1418 1084 et
1430 1026 1528 1083 muium
1548 1029 1639 1083 verbis
1661 1028 1839 1095 molentem.

213 1093 332 1168 ipsarum
347 1089 464 1145 excludit
487 1094 647 1159 absolutum,
669 1108 720 1166 qua
743 1094 869 1152 nimirum
891 1107 1002 1172 propter
1052 1108 1250 1169 ctsuasnugas
1261 1097 1407 1162 Dominicis
1428 1112 1515 1171 praeca
1534 1097 1570 1152 tis
1588 1096 1774 1169 prulereutem
1794 1100 1839 1156 de

213 1174 315 1239 seipsas
336 1160 541 1224 colomannum
566 1172 656 1220 autem
680 1163 830 1222 relativam.
855 1159 911 1224 Nec
929 1166 1002 1221 atiud
1052 1175 1195 1222 monstret.
1210 1186 1221 1220 ι
1236 1165 1338 1226 tisim
1356 1167 1438 1222 dabat
1452 1167 1497 1222 illa
1528 1167 1684 1230 'nstantini
1697 1168 1841 1233 sentem,

213 1229 366 1299 sigiiilicunt
380 1233 438 1285 baec
461 1232 542 1311 rerba
559 1246 566 1285 ε
586 1251 596 1284 ι
621 1231 754 1304 imagines
775 1248 839 1288 uero
861 1235 936 1294 cintii
959 1233 1002 1291 sni
1053 1252 1134 1307 quain
1144 1236 1233 1296 rersin
1244 1246 1365 1292 actorum
1379 1237 1499 1307 septiuiae
1509 1237 1604 1307 synodi
1616 1238 1706 1292 miuus
1715 1247 1842 1294 accurata

212 1299 355 1360 culturaet
367 1301 523 1378 adoratione
535 1301 648 1366 seclusa,
660 1313 752 1357 utrum
770 1303 798 1358 iu
813 1305 932 1360 basilicis
940 1322 1004 1374 pru-
1054 1306 1190 1366 duriorem
1208 1305 1380 1372 reddiderat,
1408 1307 1459 1376 ipsi
1479 1307 1613 1362 tribuendi
1631 1307 1741 1373 erroris,
1762 1323 1843 1377 quent

213 1378 272 1448 „uter
298 1384 454 1450 iiicinniiain
478 1386 570 1426 rerum
594 1383 744 1444 gestarum,
767 1383 795 1428 et
815 1386 1003 1430 oruamentum
1053 1376 1143 1436 uerbis
1159 1384 1237 1434 tenua
1248 1377 1384 1450 exprimit,
1396 1376 1450 1436 uno
1461 1378 1550 1447 ipsum
1568 1376 1597 1430 in
1611 1385 1694 1431 toarni
1710 1377 1845 1448 synodaiis

213 1446 277 1502 siut,
293 1452 327 1491 aii
341 1448 424 1492 etiam
439 1455 492 1496 riou
507 1442 573 1506 sint,
596 1443 698 1497 nullum
721 1443 784 1497 fidet
805 1445 946 1498 calliolicae
964 1444 1005 1499 al·
1055 1445 1224 1511 refundendi,
1242 1461 1302 1515 quai
1325 1445 1401 1502 idum
1418 1460 1472 1501 uon
1494 1446 1673 1502 emendasset.
1691 1446 1847 1502 Hadrianus

213 1507 286 1589 lcrrc
307 1517 434 1577 poterunt
458 1508 674 1591 praejudicium.»
694 1510 771 1580 Quod
795 1513 820 1568 si
840 1512 1005 1586 pertinacius
1073 1534 1078 1546 ·
1088 1531 1123 1586 pa
1137 1515 1165 1569 iu
1177 1517 1291 1585 epistula
1310 1516 1476 1585 apologetica
1496 1530 1547 1585 pro
1565 1515 1639 1569 cultu
1652 1516 1798 1585 imaginum
1808 1516 1847 1574 ad

214 1591 277 1646 quis
306 1580 449 1658 contendat
473 1595 516 1633 res
535 1589 650 1637 activam
673 1596 780 1654 queque
803 1583 1005 1640 uenerationem
1055 1532 1181 1640 ffiimum
1203 1585 1338 1655 tingnum,
1360 1600 1419 1658 cap.
1443 1586 1470 1651 9,
1494 1586 1661 1644 t'oiistuutiui
1685 1585 1846 1644 matiam

214 1647 449 1729 auctorigmilluui,
465 1661 494 1704 et
526 1651 656 1730 allicnuos
666 1650 867 1722 Germanosque
876 1653 1006 1724 presules
1056 1656 1156 1712 bonurn
1175 1654 1203 1710 iu
1217 1671 1326 1712 sensum
1337 1655 1594 1724 nabitbisuciiis:
1616 1673 1627 1707 t
1646 1655 1779 1726 Erprara
1803 1671 1848 1710 re·

215 1729 377 1790 iiiiaginmus
401 1729 555 1775 sanctorum
577 1723 766 1788 aliiudicasse,
790 1722 911 1780 dioeitttts
933 1724 1006 1793 ipsos
1056 1732 1193 1784 uertentes
1214 1725 1321 1791 bani-esi,
1347 1724 1412 1782 totis
1434 1725 1538 1782 nisibus
1558 1740 1653 1780 eorum
1675 1732 1848 1781 tentaverunt

215 1804 269 1870 nnn
288 1789 459 1860 impugnasse
481 1790 680 1848 uenerationem
702 1791 776 1846 illam
797 1799 826 1848 ut
840 1792 961 1850 illicitam
978 1801 1007 1849 et
1023 1803 1159 1889 nsmicln
1179 1793 1320 1852 catholice
1333 1803 1361 1852 ct
1378 1794 1530 1865 apostolica
1554 1795 1581 1849 in
1604 1795 1724 1864 nisurum
1742 1795 1848 1850 cocles·

216 1861 305 1926 divina
319 1859 376 1927 lege
395 1874 428 1913 cit
443 1875 502 1914 sese
514 1861 692 1932 prohibitam,
709 1861 756 1920 sed
778 1870 807 1920 nt
827 1861 1007 1936 periculosam
1059 1865 1135 1924 sione
1148 1868 1308 1920 mtist'acero
1325 1863 1473 1930 Ecclesiaeq
1492 1874 1520 1918 et
1537 1864 1598 1922 ideo
1614 1865 1694 1919 talem
1712 1864 1849 1920 adoratio-

214 1938 324 2013 proptei
340 1944 452 1982 anasum
467 1930 661 1999 imperitorum.
677 1929 752 1997 Quod
765 1930 1008 2002 planesignibcant
1058 1950 1121 1994 nem
1138 1933 1254 1990 coulessi
1277 1943 1341 1989 sunt
1360 1949 1412 2005 pin
1432 1934 1517 1994 sacris
1540 1934 1701 2004 imaginibus
1721 1936 1846 1997 credere,

216 2013 274 2053 iucc
287 2005 389 2052 uerba:
412 2000 593 2054 «Cauendum
607 2001 660 2055 illis
678 2008 721 2056 est
740 2010 768 2055 et
787 2003 1009 2058 modisomnibus
1059 2004 1146 2077 qualis
1160 2005 1188 2059 in
1200 2004 1355 2062 delinitione
1373 2006 1469 2076 synodi
1486 2004 1632 2062 mnsnmta
1648 2012 1691 2060 est
1708 2005 1778 2060 inter
1793 2019 1849 2058 w

215 2069 518 2148 pertimescendumque
540 2071 602 2124 dum
622 2071 768 2140 imaginum
792 2073 895 2128 culttuii
918 2081 946 2127 et
961 2073 1009 2127 ad·
1060 2083 1128 2131 tera.
1146 2093 1157 2127 ι
1177 2077 1234 2142 Quo
1251 2074 1314 2129 luco
1324 2073 1440 2131 Nicaeum
1459 2091 1478 2130 ii
1500 2074 1595 2146 synodi
1616 2074 1800 2138 definitionem
1820 2075 1849 2128 iu

214 2138 534 2194 oratioueuitlirisiiane
541 2140 663 2210 religioni
675 2142 798 2210 ingerere
809 2142 942 2206 nituntur,
956 2144 1009 2198 sin·
1059 2145 1177 2200 inedium
1190 2143 1278 2204 aliert.
1296 2143 1436 2214 Signilical
1453 2145 1605 2200 Hadrianus
1616 2144 1682 2199 istos
1695 2144 1849 2212 episcopus,

215 2208 336 2282 giiiireiu
357 2209 436 2264 unius
449 2207 497 2266 lici
511 2209 614 2267 cultmu
636 2219 663 2268 et
684 2211 869 2270 adoranoneui
881 2211 1009 2278 frustrari
1060 2216 1106 2288 qui
1118 2215 1343 2272 iconoclastarum
1356 2216 1481 2274 baresii
1494 2211 1645 2284 ejurabant,
1658 2223 1688 2268 ut
1697 2227 1803 2269 mnnmn
1814 2228 1850 2274 ei

217 2280 367 2334 rideantur.
387 2298 396 2332 t
1060 2284 1226 2340 audientium
1253 2283 1351 2338 animis
1375 2283 1554 2356 suspicionem
1572 2287 1769 2354 abstergerent,
1791 2283 1850 2337 cul-

252 2349 465 2420 Semiramidem
479 2349 843 2422 colligituiexcapdeeimo
858 2361 934 2412 sextu
946 2351 1009 2407 libri
1060 2364 1128 2420 tum,
1144 2370 1225 2425 quern
1244 2354 1406 2424 imaginibus
1416 2355 1587 2420 tribuendum
1604 2361 1745 2423 putabunt,
1763 2351 1850 2408 effica-

217 2421 298 2492 terlii.
320 2438 330 2469 ι
351 2422 432 2488 Nam,
452 2421 548 2489 inquit,
573 2422 637 2476 duni
655 2421 721 2475 nibil
734 2438 783 2478 nos
798 2422 826 2478 in
848 2422 1010 2494 magmibus
1060 2426 1137 2481 cilius
1158 2433 1239 2495 atqua
1254 2425 1415 2495 eniptsaticis
1430 2423 1519 2480 versis
1538 2424 1723 2494 expressisse3
1745 2424 1850 2478 sedita

217 2499 481 2564 speriiaiiinspnctcr
492 2491 685 2555 adorationem,
694 2491 791 2564 quippe
799 2492 1010 2562 quiiubusilicis
1061 2503 1151 2554 tamen
1176 2503 1206 2554 ut
1226 2497 1320 2552 eninm
1338 2494 1471 2558 sententia
1495 2494 1531 2547 sit
1551 2509 1585 2549 ex
1600 2493 1693 2562 ipsius,
1707 2494 1752 2556 cui
1768 2492 1851 2548 utter-

218 2569 373 2614 sanctorum
389 2561 529 2631 imagines,
545 2575 597 2615 nnn
609 2567 642 2614 ad
658 2563 836 2626 adoraudum,
851 2563 899 2618 scd
910 2564 1011 2618 adme·
1060 2574 1149 2631 erant,
1162 2564 1257 2635 synodi
1275 2561 1429 2620 delinitione
1444 2564 1653 2638 interpretanda.
1672 2563 1764 2634 Neque
1783 2563 1851 2618 aden

218 2631 334 2700 guairiam
357 2639 616 2702 rerumgestarum,
640 2638 667 2684 et
690 2641 859 2690 retiuslatcm
876 2633 1011 2706 parietum
1061 2631 1135 2692 illam
1159 2632 1330 2692 Constantini
1351 2633 1470 2756 eglecopi
1485 2633 1657 2698 seruientium,
1679 2637 1853 2702 quantumuis

219 2701 320 2770 nabere
333 2701 526 2771 permittimus,
547 2701 585 2755 illi
602 2715 666 2755 reru
681 2716 750 2772 pene
761 2717 869 2760 omnem
882 2717 938 2758 succ
951 2717 1012 2757 cre·
1061 2706 1168 2770 duram,
1187 2704 1275 2758 l'raudi
1289 2718 1350 2760 csse
1379 2706 1461 2759 ebera
1473 2704 1597 2768 sennodio,
1621 2700 1699 2772 ciuus
1719 2705 1794 2758 clara
1808 2711 1854 2758 est

217 2769 338 2827 dulltatis
349 2786 423 2841 spem
438 2772 468 2840 iii
487 2771 649 2844 imaginibus
659 2773 802 2836 collucent,
820 2780 904 2830 restat
916 2781 946 2828 ul
961 2786 1011 2828 nos
1062 2783 1090 2836 ct
1105 2774 1255 2830 indubitata
1272 2773 1405 2830 sententia
1420 2773 1490 2827 iuba
1500 2773 1608 2830 latriam
1620 2787 1682 2828 esse
1694 2788 1757 2828 emn
1770 2775 1853 2827 bono·

216 2850 327 2897 sanctos
344 2842 371 2895 in
384 2856 478 2897 eurum
489 2841 649 2910 corporibus
663 2841 705 2896 uel
718 2843 808 2912 ponus
820 2841 942 2912 reliqniis
953 2857 1013 2898 cor·
1062 2859 1121 2908 rem
1135 2844 1182 2914 qui
1195 2844 1356 2914 imaginibus
1370 2844 1499 2900 delertur.

215 2926 325 2982 porum,
343 2926 390 2967 scu
404 2912 486 2966 etiam
499 2911 668 2966 uestimentis
686 2926 861 2976 terreremur,
869 2911 948 2981 J'usta
961 2927 1011 2967 an-
1096 2914 1132 2969 di
1145 2912 1472 2972 libroruintiaruliuoiuui
1482 2921 1577 2974 auctor
1590 2911 1686 2978 nonita
1699 2911 1748 2966 luit
1760 2926 1856 2979 equus

219 2989 354 3052 nquorum
374 2980 485 3036 Petrum
501 2982 688 3046 traditionem,
710 2981 749 3040 illi
766 2998 830 3039 rero
851 2982 969 3052 parietes
985 2990 1013 3038 et
1063 2982 1419 3056 iusgiiudtrnllicaunaiuu,
1432 2981 1479 3040 scd
1490 2996 1523 3039 aa
1535 2981 1853 3054 opiniuncprmconeepta

220 3052 327 3106 tubulas
343 3053 497 3116 adorantes,
513 3051 539 3105 in
552 3067 585 3107 eu
599 3065 628 3106 sc
642 3053 810 3108 arbitrentur
824 3057 952 3124 magnum
964 3052 1013 3106 lia·
1063 3056 1196 3120 sciiicns,
1212 3053 1262 3125 ipsi
1276 3052 1371 3108 tribuit
1381 3066 1598 3121 errorcuiquuui
1606 3051 1800 3112 Constantinus
1813 3066 1854 3105 ts·

218 3136 284 3176 carc
298 3123 361 3176 tidei
377 3122 598 3186 emolumentum,
613 3134 646 3176 eo
661 3124 732 3191 quod
743 3123 870 3193 operibus
881 3122 936 3177 siut
948 3123 1012 3177 sub-
1064 3126 1176 3183 debatur
1188 3124 1362 3193 expressisse,
1373 3130 1400 3175 et
1414 3121 1599 3182 dubiiitinneui
1608 3122 1703 3192 synodi
1713 3124 1747 3176 ad
1758 3120 1854 3176 lucien-

218 3190 282 3260 qccti
301 3194 446 3261 pictorum.
470 3209 480 3243 i
506 3192 583 3246 illam
605 3192 735 3245 duntaxat
755 3190 900 3262 imaginum
917 3162 1049 3249 adura·C
1064 3197 1130 3252 dum
1148 3196 1238 3249 lucuiu
1254 3191 1445 3256 concinnatam
1462 3192 1510 3258 att,
1533 3199 1566 3252 et,
1581 3190 1856 3252 moissiacensium

220 3261 321 3316 doricus
341 3261 488 3332 impugnat,
514 3275 567 3330 qna
589 3275 657 3330 pene
671 3261 759 3318 atinus
772 3276 834 3331 spes
847 3259 1013 3318 credulitatis
1063 3279 1193 3334 errorem,
1209 3262 1390 3332 quemmiiuis
1413 3261 1854 3334 caninaspreatdciatt'mmins

220 3333 249 3394 ln
264 3330 567 3387 illuminandarum
584 3340 673 3385 auteur
696 3339 739 3386 est
762 3332 883 3387 adoratio
905 3331 1027 3397 latriam.
1064 3350 1124 3394 nus.
1146 3331 1343 3392 sabinianum
1356 3330 1711 3402 igilurCaqulusMagnusat
1722 3329 1855 3388 Gallicani

221 3409 268 3455 ant
282 3411 357 3455 certe
375 3401 513 3456 sciieratin
537 3401 589 3454 illis
608 3410 719 3471 propter
739 3416 768 3456 se
782 3402 863 3471 ¹ipsas
880 3399 1011 3468 exhibiti,
1064 3402 1246 3472 Germanique
1270 3404 1417 3474 presules,
1432 3409 1516 3458 totam
1538 3401 1678 3472 Symidaiii
1697 3399 1855 3458 Greournm

221 3470 299 3540 cujus
311 3472 432 3541 periculo
445 3474 509 3542 quia
532 3472 651 3539 imperiii
668 3481 848 3544 eipoumitur,
874 3473 937 3526 duui
959 3471 1019 3528 illis
1064 3476 1183 3530 sensisse
1193 3473 1324 3542 iueigines
1333 3470 1430 3527 ιιοόιιιιι
1439 3470 1513 3526 cultu
1523 3471 1674 3530 ailorandas
1685 3470 1853 3551 quisanctie·

221 3543 366 3597 aiuuraudue
380 3550 565 3612 proponuntur
579 3543 719 3611 imagines,
734 3552 825 3598 censet
839 3541 940 3598 cultum
955 3556 1014 3600 om·
1064 3539 1420 3607 auerruncandorum
1444 3540 1650 3598 Coimtautinunr
1664 3555 1818 3611 φιιιιομιι
1827 3539 1856 3598 'id

223 3627 284 3682 irem
303 3612 369 3681 ipsis
382 3613 587 3682 abrogandum
608 3627 662 3665 nou
680 3611 752 3681 quod
765 3626 814 3682 per
826 3626 855 3667 se
874 3612 910 3666 sit
922 3611 1015 3680 prelii·
1064 3629 1157 3682 coium
1167 3611 1300 3682 l'rcquenti
1315 3611 1585 3682 spimdopiulesenm,
1600 3617 1856 3680 repreliensumnnti

222 3687 296 3738 intus
310 3699 342 3736 sc
358 3681 478 3748 illicitus,
497 3681 561 3751 quia
582 3684 676 3736 doctos
699 3682 808 3738 irmosie
829 3697 877 3737 eas
891 3680 1016 3738 uenerari
1065 3684 1164 3749 luissc;
1187 3681 1370 3737 delinitioiiem
1385 3679 1649 3744 euindemerrorem,
1673 3679 1861 3736 distinctioni.

223 3752 345 3824 agnoscit
357 3761 384 3806 et
396 3754 486 3808 colere
504 3753 577 3807 cultu
595 3752 755 3822 respective,
778 3752 827 3808 sed
837 3752 910 3824 qnod
924 3751 1016 3808 rudin-
1066 3755 1118 3812 lius
1134 3753 1168 3808 ad
1180 3751 1334 3807 laciendum
1348 3750 1440 3806 lacurn
1454 3750 1558 3810 idoneis
1563 3749 1714 3820 palliatum,
1734 3750 1856 3821 plebibus

223 3840 299 3878 riuus
313 3833 340 3876 ct
359 3824 492 3892 imperitis
513 3823 615 3878 erroris
637 3822 743 3878 occasio
758 3820 898 3891 disciplina
920 3818 1015 3888 bidus-
1065 3824 1197 3894 ingerere.
1217 3819 1530 3890 lliucCarolnsilagnus,
1543 3820 1858 3890 postlaudatasuperius

224 3895 366 3949 aliudesse
375 3894 471 3963 possit,
484 3892 530 3963 qui
541 3892 644 3947 cultum
655 3891 835 3962 respectiium
845 3892 879 3947 ab
893 3887 1016 3947 absoluto
1065 3897 1159 3966 rerba,
1184 3891 1218 3948 dc
1227 3889 1396 3948 Constantini
1410 3890 1662 3949 seritentia'subdit:
1685 3908 1695 3941 ι
1709 3889 1777 3944 Nam
1794 3899 1856 3946 cum

223 3979 277 4018 uon
294 3966 331 4018 ita
342 3964 456 4019 subtiles
472 3969 535 4019 suut
549 3970 578 4016 ut
592 3963 767 4037 distinguant.
786 3980 795 4014 ι
813 3960 882 4016 llam
896 3962 959 4027 etsi,
974 3961 1017 4015 ln·
1066 3964 1118 4020 sibi
1128 3965 1238 4033 suisque
1255 3962 1430 4031 dignoscatur
1440 3961 1469 4016 in
1483 3975 1532 4016 sua
1542 3973 1673 4030 perversa
1689 3960 1860 4030 prolessinne

224 4034 293 4104 quit,
308 4035 422 4090 adoctis
438 4035 589 4110 quibusque
609 4035 691 4087 vitari
704 4031 790 4102 possit
815 4032 867 4086 boc
886 4033 958 4101 quod
976 4031 1016 4085 illi
1066 4036 1172 4099 obesse,
1191 4031 1293 4086 iiobise
1308 4031 1444 4088 contrario
1455 4030 1502 4099 qui
1513 4030 1621 4086 illorum
1632 4033 1712 4099 nugis
1724 4029 1803 4085 reniti
1811 4045 1859 4086 cm

226 4120 253 4158 m
272 4104 416 4160 adorandis
430 4105 592 4172 imaginibus
602 4107 740 4167 exercent,
754 4102 801 4170 qui
815 4101 949 4165 uidelicet,
961 4118 1018 4157 nou
1068 4105 1164 4174 pimus,
1180 4102 1347 4172 dignoscitur
1360 4102 1504 4172 prodeese3
1525 4115 1587 4157 cum
1602 4099 1726 4156 uidelicet
1735 4114 1857 4156 errorem

225 4175 291 4243 quid
312 4177 375 4239 sint,
397 4176 444 4230 sed
462 4175 528 4244 quid
552 4173 675 4238 innuant,
698 4175 880 4237 venerantum
902 4171 1018 4226 indoctis
1067 4174 1337 4243 detegitiut'ausium,
1361 4185 1442 4241 quem
1455 4170 1496 4226 illi
1514 4170 1640 4226 ridentur
1650 4169 1774 4239 plebibus
1783 4170 1859 4237 inge-

226 4257 317 4312 tumen
339 4246 490 4316 quibusque
518 4242 676 4298 scandalum
702 4251 851 4311 generarit,
878 4241 924 4310 qui
950 4241 1018 4296 nihil
1068 4242 1287 4312 mrepalliatuin.
1317 4240 1503 4296 Ainntenim:
1524 4238 1608 4296 «Non
1625 4253 1770 4296 adoramus
1787 4240 1859 4293 iiiia-

225 4314 300 4370 alind
316 4316 344 4370 iu
356 4315 409 4381 bis,
428 4323 527 4385 preter
543 4314 571 4368 id
591 4313 663 4382 quod
685 4314 793 4382 rident,
810 4321 972 4380 uenerantur
989 4323 1018 4367 et
1071 4334 1081 4368 ι
1096 4314 1173 4385 gibus
1191 4320 1221 4367 ut
1232 4313 1326 4377 lieniu,
1345 4326 1395 4366 nec
1406 4310 1458 4365 illis
1469 4310 1553 4365 divini
1573 4310 1676 4368 seruitii
1696 4308 1800 4364 cultum
1812 4307 1861 4362 im·

226 4390 352 4442 adurant.
377 4407 385 4436 ι
1072 4385 1249 4454 «pendimus,
1273 4384 1321 4437 scd
1336 4382 1399 4437 dum
1413 4381 1475 4435 illas
1487 4380 1634 4451 imminue
1651 4389 1680 4435 et
1701 4378 1863 4440 adamatus,

264 4454 373 4518 Octauo,
388 4455 416 4508 id
434 4453 569 4524 colligitur
582 4452 711 4525 cacapite
729 4449 832 4525 decimo
844 4449 960 4531 septimo
972 4452 1018 4506 ubi
1072 4475 1082 4514 ι
1099 4456 1143 4510 itio
1159 4454 1484 4513 incutisnostiaeacumeu
1496 4449 1649 4521 dewmus,
1664 4449 1710 4506 ubi
1724 4461 1781 4511 eus,
1794 4461 1860 4515 quo-

229 4526 357 4593 expeudit
377 4532 538 4577 senitentiam
558 4522 728 4578 Constantini
750 4522 914 4576 Constanti-e
936 4521 1019 4592 Cypri
1034 4505 1057 4565 ὓ
1074 4548 1083 4578 i
1101 4539 1160 4580 rum
1179 4523 1230 4578 illac
1244 4530 1317 4588 sunt,
1346 4535 1472 4578 essenon
1493 4520 1685 4590 ignoramus.»
1714 4516 1750 4570 it
1764 4525 1863 4572 contre

227 4594 356 4664 episcopi.
371 4611 381 4642 ι
401 4596 487 4659 Quam
499 4593 707 4663 precipitantur,
717 4590 812 4661 iuquit.
828 4604 866 4656 et,
882 4599 910 4645 ut
924 4591 961 4646 ini
975 4595 1018 4647 di·
1069 4597 1121 4658 'tate
1132 4593 1240 4648 iliorum
1255 4595 1521 4662 detegenscrrorem,
1532 4597 1559 4644 et
1570 4604 1647 4646 suum
1661 4587 1783 4660 pandens
1798 4587 1861 4641 aba·

228 4665 324 4726 sertin,
350 4664 517 4732 insipiciimi,
541 4663 733 4718 tioiistautinus
752 4662 916 4716 constanti-c
937 4662 1019 4732 Cypri
1069 4680 1122 4737 que
1132 4665 1186 4720 tilla
1196 4661 1402 4732 obumbratione
1412 4661 1612 4732 cogitationen,
1624 4657 1770 4722 latetursc,
1780 4654 1861 4725 quale

228 4733 385 4806 episeopus,
409 4734 514 4788 ceteris
532 4732 773 4795 museiitieutibns,
790 4745 818 4785 se
832 4742 1019 4801 suscepturum
1070 4743 1171 4794 sauctae
1185 4731 1320 4804 Trinitati,
1336 4730 1388 4788 talc
1399 4730 1451 4783 illis
1460 4730 1589 4786 etliibcrc
1604 4726 1753 4792 seruitium,
1766 4726 1861 4806 taleni·

228 4815 256 4862 et
278 4804 465 4874 amplexurum
492 4802 686 4862 lacrimabiliter
713 4801 844 4872 imagines
860 4801 970 4867 uixerit,
992 4811 1020 4858 et
1070 4801 1332 4877 questoratiouemj
1347 4803 1439 4870 sicque
1455 4800 1661 4862 absurditatem,
1674 4811 1756 4878 quain
1767 4794 1861 4850 rlliin-

229 4874 370 4932 eeruitium
383 4875 559 4939 adorationis,
571 4874 643 4944 quod
657 4871 880 4929 consubstantiali
892 4881 920 4925 et
935 4872 1020 4926 ritib·
1071 4888 1175 4933 iromus
1193 4874 1310 4934 renitent
1322 4874 1444 4934 latenter,
1468 4872 1538 4925 banc
1551 4870 1602 4923 iste
1617 4874 1704 4938 egerit
1723 4873 1859 4935 pulsauit.

230 4943 324 5000 catrici
338 4943 462 4998 Trinitati
480 4946 602 5011 debetur,
614 4944 694 5002 cisse
707 4941 874 4997 redditurum
884 4942 1018 5022 garrierit,
1071 4947 1381 5013 liuclatcicqucinqqam
1389 4948 1477 5011 giorum
1485 4937 1783 5015 uloimiiiguarimcmii
1790 4935 1861 5015 bino

230 5030 283 5071 non
297 5023 339 5069 est
352 5015 497 5085 plurimum
510 5026 602 5074 nosne
615 5012 795 5083 dispmatione
806 5010 1019 5070 discutiendum:
1070 5019 1170 5092 pmiilat
1184 5014 1295 5084 bnjusne
1310 5010 1485 5082 professionis
1492 5010 1635 5070 malentis.
1651 5026 1661 5059 ι
1683 5005 1769 5073 buin
1777 5015 1860 5084 tatur

230 5084 359 5155 quoniam
372 5086 507 5149 omnibus,
521 5086 567 5155 qui
582 5085 634 5142 hoc
652 5086 693 5138 vel
709 5081 812 5154 legunt,
834 5081 875 5136 vel
897 5084 1019 5149 audiunt,
1071 5087 1255 5148 enormiorem
1267 5083 1414 5153 imaginum
1428 5081 1566 5149 impugnat
1581 5078 1711 5134 librarian
1722 5075 1859 5155 Caralitin

231 5156 333 5226 liquide
346 5164 420 5225 patet
445 5156 520 5210 illum
547 5170 598 5211 uon
618 5154 715 5210 modici
735 5153 835 5208 erraris
849 5153 1022 5224 voraginibus
1072 5164 1243 5220 iuittunctnr,
1256 5169 1290 5207 ca
1301 5152 1385 5210 buia
1399 5151 1523 5206 adoriuo
1530 5157 1582 5215 est,
1596 5158 1858 5218 queensattuatettr·

233 5227 409 5298 immersum:
429 5227 526 5296 quippe
543 5227 590 5349 qim
614 5227 753 5281 seruitium
767 5223 817 5278 soli
834 5221 1021 5278 lienuebitum
1070 5219 1547 5303 bitiabarurspnoduinssiacornin.
1621 5286 1627 5299 ι
1806 5280 1813 5294 .

232 5296 355 5351 Creatori
369 5295 497 5352 exhibere
511 5309 540 5351 sc
565 5305 653 5352 aletur
666 5293 808 5358 creaturis,
822 5301 851 5347 et
871 5292 936 5347 duni
948 5295 1022 5365 cupit
1107 5297 1192 5362 Nouo,
1201 5296 1271 5354 idern
1286 5292 1420 5362 colligitur
1430 5289 1862 5370 excapiedecimooctaroque

233 5371 324 5422 lasere
337 5367 460 5435 picturis,
475 5366 623 5422 reluctatur
640 5365 744 5421 cunctis
758 5363 843 5420 sacris
862 5360 1020 5433 Scripturis.
1071 5366 1132 5422 dom
1146 5367 1216 5423 libri.
1226 5383 1236 5417 ι
1247 5365 1314 5420 Curii
1326 5377 1400 5432 crgo,
1415 5360 1513 5429 inquit,
1526 5362 1570 5414 isti
1584 5371 1653 5427 pene
1665 5369 1774 5414 umnam
1781 5368 1860 5434 autre

234 5433 300 5504 Quis
322 5451 388 5506 ergo
400 5451 519 5506 unquam
540 5437 599 5492 sani
613 5437 710 5505 capitis
726 5434 806 5489 talem
828 5434 1021 5492 absnrnitatein
1072 5437 1100 5492 lii
1124 5438 1166 5493 sui
1179 5451 1253 5507 spem
1273 5434 1301 5489 in
1321 5431 1483 5510 imaginibus
1499 5429 1628 5509 deligant,
1643 5441 1697 5484 uon
1717 5425 1860 5504 medicans

236 5511 277 5561 rel
286 5507 394 5571 dixerit,
407 5513 448 5561 rel
459 5507 558 5562 dicenti
571 5504 745 5568 cuimcnscrit,
759 5511 788 5557 ut
798 5503 825 5558 iu
836 5511 911 5559 tanto
920 5504 1023 5560 boncrc
1073 5516 1114 5562 ter
1132 5524 1148 5561 a
1164 5514 1257 5563 sancta
1274 5514 1302 5560 et
1315 5499 1458 5560 urbici-sab
1469 5500 1633 5558 dissentiunt
1643 5493 1776 5576 aeneia.
1800 5505 1860 5561 litte

235 5576 366 5630 babeatnr
377 5575 544 5646 picturarum
559 5578 686 5642 varietas,
700 5584 800 5644 quanto
819 5583 921 5639 sancta,
938 5575 1023 5628 risin-
1073 5592 1148 5647 spern
1162 5576 1255 5631 ausilii
1268 5574 1309 5629 sui
1320 5589 1373 5627 non
1387 5572 1413 5624 iri
1424 5571 1537 5640 picture
1547 5568 1626 5632 lucis,
1639 5581 1693 5646 nou
1704 5579 1733 5619 m
1741 5563 1861 5618 mannia·

235 5644 322 5706 catria
338 5652 366 5700 et
387 5645 507 5700 omnium
529 5655 646 5701 creatrix
670 5643 809 5702 Trinitas?
828 5643 862 5699 m
878 5645 930 5697 tale
946 5646 1023 5699 cittii·
1073 5647 1124 5704 ctis
1137 5646 1269 5703 artificum
1284 5644 1419 5713 operibus,
1434 5641 1482 5696 sed
1496 5642 1523 5696 iii
1535 5641 1592 5695 beo
1603 5649 1723 5717 oninium
1736 5644 1860 5688 creatora

236 5716 332 5770 icatur
351 5715 490 5769 servitium
512 5716 632 5786 pietatm,
649 5713 728 5785 quale
749 5713 891 5770 eitiibetui
909 5713 1023 5769 lluiuiiin
1073 5717 1174 5787 deligit.
1190 5734 1200 5767 ι
1217 5707 1784 5782 liamimpugnatimugbiumadorntmuetn,
1801 5715 1860 5771 qum

237 5785 319 5858 tutius
330 5786 481 5840 creature?
501 5823 507 5838 .
527 5823 557 5840 ..
574 5823 581 5840 .
600 5823 606 5837 .
627 5786 686 5842 Stet
703 5799 817 5856 uanique
836 5783 976 5868 episcopus
995 5784 1022 5852 in
1074 5793 1276 5860 argtiruentocil
1288 5796 1362 5854 spctii
1372 5795 1440 5853 prun
1451 5794 1559 5839 omnem
1570 5778 1713 5852 inpiatum·
1726 5771 1856 5830 inessent·
