4050 6192
129 296 199 352 tusa
537 292 627 356 thltd
646 291 818 350 cluuttxt.
836 321 872 332 -—
889 290 1002 352 curn.
1024 289 1068 346 uli
1087 289 1181 345 tutu.
1201 319 1236 330 -
1254 289 1319 346 ltu.
1337 290 1358 346 Ι.
1690 292 1759 352 idid

128 412 206 470 misit
227 407 353 481 spiritum
375 406 502 464 ootuibus
518 407 575 479 ipse
588 407 754 463 salomnis.
770 407 841 475 Ergo
864 407 915 461 iste
929 414 953 467 Α
967 401 1589 475 nunqnamctimagiuietsimiiitudinieopnlari
1598 412 1760 476 potcst,qnas

126 505 240 578 spinam
250 503 286 559 ad
298 500 444 570 imaginem
462 499 511 554 liei
524 499 598 574 nullo
609 499 751 554 dubitante
771 497 858 553 iactus
872 512 918 552 ac·
970 495 1021 549 tria
1033 510 1186 564 quanquam
1202 494 1281 549 unius
1292 495 1501 566 sintcutegoriac
1512 511 1572 567 tgna
1585 496 1681 553 miodo
1694 498 1759 555 dici-

126 596 235 668 cipitur,
249 593 276 649 in
285 598 390 663 quaest
404 589 576 660 intelligentia
590 590 715 646 veritatis
728 606 736 643 t
749 589 835 644 beret
845 587 918 642 enim
967 584 1759 657 tur,babenttameuintersequasdamproprietutesqnibns

126 683 235 741 ueritati
259 681 332 738 nulla
358 679 516 749 interposita
530 687 666 742 creatura,
689 686 787 733 emtcra
801 675 918 732 bominis
967 675 1028 734 alte
1048 684 1151 732 carent.
1170 675 1238 730 Nam
1255 676 1364 748 imagini
1382 677 1522 747 proprium
1546 687 1634 734 estut
1649 692 1757 750 setupcr

125 774 160 832 ad
184 771 389 830 similitudinem
412 769 484 824 iacta
508 768 594 826 sideri
620 768 724 832 solunt,
742 767 806 837 quia
829 765 918 822 omnis
967 765 1003 818 ab
1016 764 1103 822 altero
1116 780 1244 836 expressa
1264 765 1315 829 sit,
1339 765 1510 821 similitudini
1527 782 1592 822 vero
1606 766 1757 838 elaeqnali-

125 863 235 936 quidem
249 860 339 931 imago
352 857 449 914 similis
464 864 516 922 est,
531 870 585 911 uon
597 864 688 910 autem
702 868 783 910 omne
794 854 866 924 quod
878 853 917 912 si·
968 854 1017 908 tati
1027 854 1169 924 proprium
1188 862 1229 909 est
1244 861 1274 908 ut
1287 854 1314 908 in
1330 869 1378 909 sua
1393 854 1542 910 substantia
1557 863 1759 926 permanentes,

126 953 189 1012 stile
202 958 245 1008 est
258 951 342 1006 ctiam
354 949 444 1019 imago
459 947 583 1019 proprie,
601 947 649 1002 sed
659 944 729 1002 torte
740 945 852 1001 abusive
862 944 916 1000 dici
966 957 1022 997 non
1041 944 1075 998 ab
1091 943 1176 999 altero
1188 958 1338 1013 expressae,
1354 944 1402 999 sed
1424 944 1486 1000 aliis
1499 945 1581 1001 rebus
1601 946 1758 1003 assimilatur

124 1050 224 1114 potest.
240 1038 294 1095 Sed
306 1038 455 1094 cavendnm
469 1038 496 1092 in
511 1036 654 1092 talibusne
666 1036 732 1107 quid
752 1036 833 1090 nimis
843 1048 918 1091 asse-
965 1032 1009 1087 rei
1024 1042 1170 1103 oooequutae
1182 1034 1234 1089 boc
1248 1034 1357 1090 tremisse
1369 1043 1548 1101 censeantur,
1560 1045 1587 1092 et
1601 1037 1691 1108 imago
1701 1053 1759 1094 ma·

124 1133 273 1188 necandum
286 1138 397 1202 putetur
411 1128 456 1184 illa
471 1144 500 1183 re
514 1143 579 1184 saue
604 1126 750 1198 salubriter
762 1127 913 1192 custodita,
967 1124 1010 1194 gis
1026 1123 1069 1180 vel
1087 1125 1177 1180 miuus
1191 1139 1247 1179 non
1267 1124 1318 1180 sibi
1332 1125 1471 1190 admittat,
1490 1126 1637 1183 similitudo
1655 1143 1719 1185 sero
1732 1140 1760 1186 et

125 1241 159 1280 se
171 1223 298 1294 quoniam
310 1236 409 1291 corpus
422 1219 560 1289 quodlibet
573 1233 621 1289 per
641 1218 737 1273 localia
750 1218 837 1289 spatia
849 1231 915 1288 poru
966 1214 1108 1284 aqrratltas
1122 1215 1277 1270 admittant.
1294 1214 1371 1271 Sicut
1383 1215 1455 1272 enirn
1469 1217 1568 1272 dicitur
1580 1219 1666 1290 magis
1685 1219 1760 1275 simi·

124 1324 231 1371 rectum
254 1322 306 1378 est,
331 1310 432 1380 aliquid
455 1308 509 1364 tale
532 1309 658 1364 credatur
675 1321 735 1362 esse
763 1305 915 1362 substantia
967 1303 1000 1359 iis
1015 1304 1057 1360 rel
1073 1306 1162 1361 miuus
1174 1305 1282 1371 similis,
1295 1306 1380 1377 magis
1390 1307 1502 1376 aqualis
1514 1309 1555 1363 rel
1568 1310 1657 1365 minus
1669 1326 1760 1380 aqua·

125 1407 184 1464 uel
201 1404 269 1460 Nam
284 1418 329 1458 res
342 1417 403 1471 quae
417 1401 444 1456 in
458 1407 536 1469 parte
550 1400 639 1456 minor
651 1408 694 1453 est
708 1412 789 1468 quatu
806 1397 834 1451 in
848 1405 915 1463 toto,
967 1391 1019 1460 lis,
1046 1410 1099 1450 non
1122 1395 1163 1450 sic
1191 1396 1243 1451 dici
1269 1403 1358 1465 patcst
1380 1397 1466 1466 tnagis
1488 1398 1577 1469 imago
1602 1400 1645 1455 vel
1670 1401 1759 1456 minus

125 1513 176 1553 nec
198 1494 322 1567 dignitati
345 1492 443 1546 animas
464 1489 601 1552 convenit,
623 1488 836 1560 quantominus
861 1501 916 1541 ma-
966 1484 1065 1554 intago.
1090 1482 1157 1537 Nam
1171 1491 1200 1538 et
1220 1484 1247 1538 in
1265 1485 1442 1540 conversione
1464 1499 1558 1540 earum
1579 1503 1640 1557 quac
1664 1488 1758 1545 Gtmce

124 1585 215 1656 iestassi
229 1586 323 1640 liciis
343 1585 414 1639 Eece
427 1598 509 1654 quam
529 1582 665 1650 subtiliter
686 1596 822 1652 quamque
844 1579 917 1635 salu-
965 1572 1135 1642 antistrophe
1158 1572 1272 1637 dicitur,
1297 1573 1405 1629 subtilis
1432 1575 1555 1644 quaedam
1577 1578 1758 1650 ,repugnantia

124 1677 211 1733 briter
224 1676 310 1731 sancti
327 1675 378 1729 siri
391 1673 528 1729 bominem
548 1674 582 1729 ad
595 1673 740 1744 imaginem
753 1679 780 1727 et
792 1672 917 1727 similitu-
966 1673 1008 1719 est
1024 1678 1106 1734 :quae
1120 1665 1211 1719 omnia
1225 1665 1352 1735 persequi
1366 1664 1477 1737 longum
1500 1676 1552 1733 cst,
1570 1678 1756 1726 verumtamen

124 1781 187 1824 uem
204 1763 366 1822 bellacium
380 1778 451 1828 csse,
467 1763 612 1835 imaginem
627 1762 792 1838 videlicetlin
812 1761 913 1827 anima,
929 1765 996 1834 gut
1010 1757 1108 1811 borum
1125 1757 1205 1811 trium
1215 1757 1354 1812 nominum
1369 1756 1519 1813 differentia
1532 1759 1645 1816 lucidius
1657 1768 1758 1832 pateat,

125 1857 153 1911 in
165 1870 220 1925 qua
233 1861 275 1910 est
288 1853 452 1918 intellectus,
468 1853 592 1908 voluntas
606 1863 634 1908 et
647 1854 792 1920 memoria;
818 1852 915 1908 simili·
967 1845 1037 1901 beati
1052 1844 1195 1916 Augustini
1217 1845 1297 1901 rerba
1321 1847 1355 1902 ad
1378 1848 1496 1902 medium
1513 1848 1668 1904 deducenda
1686 1859 1758 1905 sunt.

125 1948 246 2006 tudinem
268 1948 297 2003 iu
319 1945 450 2010 moribus,
471 1945 499 2002 id
520 1953 576 2010 est,
593 1945 620 2000 in
633 1946 777 2011 charitate,
800 1943 915 2010 iustitia,
966 1940 1012 1995 dit
1029 1939 1124 1995 enims
1152 1939 1229 1996 «Ubi
1247 1942 1349 2012 imag0;
1376 1957 1429 1998 uon
1452 1945 1581 2000 continuo
1600 1945 1757 2014 sinriiitudo,

124 2023 283 2102 bonitateet
297 2040 451 2104 sanctitate,
465 2054 526 2109 qum
539 2039 630 2093 omnia
654 2038 814 2109 incorporea
833 2044 914 2102 sunt,
968 2048 1023 2087 non
1039 2031 1167 2087 contiuuo
1192 2032 1333 2101 aequalitas
1355 2048 1363 2087 ι
1384 2033 1430 2089 nbi
1454 2036 1612 2106 aequalitas,
1631 2038 1759 2094 corniano

124 2136 307 2206 intelligentes
320 2133 473 2188 disseruere
487 2150 494 2186 :
506 2147 522 2186 a
533 2147 649 2202 quorum
663 2145 744 2185 sensu
755 2140 783 2186 et
793 2129 916 2186 doctrina
967 2121 1125 2188 similitudo,
1138 2138 1192 2178 nou
1208 2123 1337 2180 continuo
1352 2124 1460 2195 imago,
1475 2126 1521 2182 ubi
1534 2127 1694 2192 similitudo,
1705 2143 1758 2184 non

123 2234 256 2298 quantum
269 2225 369 2281 distent
381 2222 428 2294 qui
440 2222 491 2278 boc
505 2220 689 2278 testimonium
701 2219 863 2291 imaginibus
873 2233 918 2272 ar·
967 2212 1097 2267 continuo
1110 2211 1207 2282 imago,
1223 2227 1277 2267 non
1292 2213 1420 2268 coritinun
1433 2213 1584 2284 aequalitas,
1599 2224 1629 2270 ut
1652 2217 1679 2271 in
1699 2232 1759 2287 spi.

124 2319 227 2376 tidcum
241 2332 323 2373 mauu
336 2314 460 2372 formatis
471 2312 693 2378 accommodant,
707 2327 761 2368 uon
772 2320 918 2384 nostroest
967 2305 1030 2361 culo
1049 2314 1091 2361 est
1105 2304 1204 2376 imago,
1221 2305 1328 2374 quiade
1348 2304 1394 2360 illo
1407 2320 1534 2375 expressa
1551 2315 1606 2372 est;
1623 2315 1665 2363 est
1677 2308 1759 2362 etiam

124 2407 311 2470 disserendum
324 2406 446 2478 cloquio,
460 2406 508 2462 sed
521 2404 631 2461 lectoris
644 2404 836 2462 reservandum
844 2401 918 2472 judi·
967 2396 1122 2452 necessario
1145 2395 1311 2463 similitudo,
1338 2411 1391 2452 non
1417 2406 1505 2453 tamen
1522 2398 1672 2470 aequalitas,
1697 2401 1761 2471 qnia

125 2501 184 2570 cio,
203 2507 234 2556 nt
247 2505 355 2569 quantas
369 2496 396 2551 iu
415 2496 467 2568 bae
479 2503 557 2567 parte
570 2494 628 2550 sint
646 2494 845 2550 secundianus
868 2508 917 2548 no-
968 2486 1054 2540 multa
1067 2485 1165 2542 desunt
1182 2486 1293 2555 imagini
1308 2502 1369 2558 quac
1384 2488 1477 2543 insunt
1492 2489 1531 2545 ilii
1546 2490 1586 2545 rei
1600 2490 1635 2545 de
1649 2506 1703 2563 qua
1716 2507 1761 2548 ex·

125 2599 183 2648 ster
203 2602 265 2643 eum
287 2585 383 2658 stylus,
395 2586 443 2641 sed
456 2599 522 2640 suus
535 2591 693 2655 permoneat
715 2598 821 2640 sensus.
837 2583 918 2650 uuis
966 2591 1061 2649 pressa
1076 2584 1127 2633 ast.
1154 2577 1206 2633 Ubi
1228 2578 1381 2648 aequalitas,
1408 2579 1538 2636 continuo
1554 2588 1582 2637 et
1603 2582 1761 2649 similitudo,

124 2680 186 2752 quis
199 2679 282 2751 igitur
293 2678 332 2733 ita
353 2677 490 2733 lrotninem
503 2675 538 2731 ad
557 2675 703 2747 imaginem
717 2684 745 2732 et
761 2675 918 2731 similitudi·
968 2682 1023 2723 non
1038 2669 1166 2723 continuo
1181 2667 1293 2739 imago:
1313 2669 1386 2724 sclut
1406 2670 1435 2725 iu
1450 2669 1555 2726 duobus
1571 2670 1630 2727 osis
1651 2673 1763 2743 paribus

127 2786 191 2825 nent
206 2768 385 2833 bellacium,
400 2767 471 2822 sicut
488 2765 522 2821 ad
536 2765 681 2836 imaginem
696 2766 814 2821 bominis
824 2766 917 2838 imagi·
968 2759 1032 2830 quia
1058 2759 1130 2816 inest
1153 2759 1304 2829 equalitas,
1323 2761 1395 2817 inest
1415 2761 1574 2819 similitudo.
1591 2763 1763 2836 Quaecunque

126 2877 189 2917 rtem
203 2861 238 2916 ab
252 2857 357 2915 artifice
368 2856 511 2913 formatam
522 2871 584 2912 esse
596 2855 693 2922 credit,
707 2855 811 2926 aliquid
822 2858 849 2912 iu
860 2856 917 2914 lieo
969 2850 1042 2906 enim
1060 2851 1158 2905 adsunt
1174 2851 1230 2912 uui.
1243 2851 1341 2907 adsunt
1353 2861 1381 2906 et
1397 2851 1485 2918 alteri,
1503 2854 1592 2926 imago
1606 2863 1761 2912 tamennon

124 2965 303 3023 corporeum,
317 2958 389 3020 quoa
407 2950 519 3004 eredere
537 2945 614 3003 nefas
628 2955 679 3011 est,
695 2948 807 3004 ιιιιιιιιι
825 2963 854 3003 se
872 2963 918 3004 οι.
967 2940 1262 3011 est,quianeutrnmdc
1275 2941 1591 3013 alternesprcssumcst:
1607 2947 1652 3002 ubi
1665 2947 1761 3003 simili·

124 3044 222 3101 tendit.
242 3041 310 3097 Nam
330 3042 353 3097 si
368 3041 396 3097 id
410 3040 483 3112 quod
495 3040 576 3096 bomo
586 3039 621 3095 ad
635 3038 781 3112 imaginem
801 3048 830 3096 et
840 3040 917 3097 simi.
969 3030 1050 3095 tutio,
1065 3045 1119 3087 non
1137 3030 1266 3089 contiuuo
1279 3031 1385 3104 lunago,
1401 3049 1454 3089 non
1468 3035 1598 3091 continuo
1609 3037 1760 3107 aequalitas.

124 3138 266 3212 titudinem
287 3137 335 3193 Dei
359 3134 448 3192 iactus
475 3141 537 3200 ιιι,
562 3133 727 3189 manufactis
753 3132 917 3203 imaginibus
930 3140 954 3204 c
968 3120 1054 3178 Omne
1066 3122 1165 3194 quippe
1176 3138 1256 3178 orum
1269 3125 1343 3179 omisi
1356 3140 1423 3189 oto,
1437 3127 1463 3181 in
1475 3134 1606 3196 quantum
1618 3143 1698 3182 ovum
1710 3138 1762 3197 est,

124 3230 268 3295 consueuit,
291 3229 440 3285 secundum
463 3242 621 3296 corpoream
642 3226 760 3298 speciem
779 3226 861 3281 bomo
883 3225 919 3280 ιιι
971 3214 1142 3271 simileest
1156 3215 1296 3271 sedunum
1311 3216 1429 3288 perdicis
1445 3216 1577 3286 quamvis,
1592 3217 1619 3272 in
1633 3227 1764 3288 quantum

124 3324 270 3396 imaginem
281 3320 492 3386 nemetum„
505 3316 808 3374 eisipomosgcunqum
820 3332 918 3388 00190.
970 3313 1013 3359 cst
1029 3319 1128 3368 οιιιιιι,
1141 3305 1483 3378 similesitotogaliium,
1499 3307 1652 3379 necimago
1672 3317 1764 3366 tamen

124 3409 919 3484 reaurspeciemadimagmcmbeilacmsesucorporeusnss
969 3392 1090 3465 eiusest,
1103 3394 1572 3466 quianondcilloerpressnmest:
1586 3398 1762 3467 necequate,

125 3507 227 3561 peni:
248 3504 423 3572 iuoeipfflfflis
438 3508 531 3556 iugem
554 3500 625 3554 neiis
644 3506 714 3553 esi·
727 3512 780 3552 μοι]
796 3495 918 3568 igituiig
968 3485 1033 3554 quia
1061 3483 1171 3539 brevius
1188 3491 1245 3549 est,
1263 3492 1306 3539 cst
1324 3491 1353 3539 et
1371 3484 1484 3539 alterius
1504 3485 1612 3555 generis
1636 3484 1763 3540 animan·

124 3596 196 3667 quod
207 3598 287 3652 bomo
303 3593 359 3649 ad
352 3606 498 3664 imaginem
511 3598 540 3647 et
553 3590 645 3648 smnb
647 3588 756 3646 udinem
770 3585 918 3643 bellamus
968 3579 1047 3631 lium.
1068 3573 1122 3631 Sed
1140 3574 1186 3631 ubi
1204 3576 1313 3640 dicitur,
1329 3578 1535 3643 noncoutinuo,
1552 3577 1646 3648 utique
1662 3577 1762 3634 iutelli-

124 3697 178 3756 est,
198 3686 360 3745 manufactis
373 3685 536 3756 nuagioibus
549 3682 684 3740 convenit.
969 3673 1043 3746 gitur
1056 3672 1121 3742 quia
1135 3685 1196 3726 esse
1217 3670 1364 3740 aliquando
1379 3678 1469 3741 potest
1484 3689 1491 3724 ε
1509 3679 1598 3741 potest
1616 3687 1683 3744 ergo
1703 3687 1764 3730 esse

969 3765 1059 3836 aliqua
1072 3764 1161 3834 imago
1174 3762 1201 3818 iu
1214 3777 1267 3833 qua
1282 3763 1318 3817 sit
1331 3762 1414 3817 etiam
1436 3762 1596 3832 aequalitas:
1610 3770 1640 3817 ut
1662 3762 1691 3819 in
1712 3778 1761 3834 pa-

423 3837 536 3895 CAPUT
556 3835 622 3895 Vm
970 3858 1094 3914 mutibus
1105 3865 1133 3911 et
1154 3855 1217 3912 dliis
1229 3855 1396 3911 inveniretur
1412 3856 1512 3927 intagu,
1527 3863 1557 3913 et
1567 3857 1719 3928 equalitas,
1734 3866 1763 3914 et

126 3955 394 4028 Qaoetitdip'erentiu
406 3954 559 4034 irnaginiset
570 3951 788 4007 similitudinis
765 3967 818 4006 nce
829 3967 919 4020 equu-
969 3951 1132 4015 similitudo,
1151 3952 1175 4007 si
1196 3951 1368 4008 interuallum
1383 3937 1514 4023 temporis
1536 3952 1678 4010 defuisset.
1695 3953 1764 4010 liam

480 4022 576 4078 ΨΜ·
970 4052 997 4100 et
1011 4039 1170 4113 depasente
1192 4041 1322 4112 expressa
1344 4049 1387 4098 est
1403 4040 1553 4098 similitudo
1565 4041 1624 4110 lilii,
1640 4051 1670 4099 ut
1691 4052 1764 4100 recte

162 4136 306 4206 Quoniam,
334 4136 561 4206 opitulantclteo,
589 4136 738 4192 secandum
753 4150 849 4191 sanam
873 4151 919 4192 so-
970 4139 1061 4207 imago
1076 4134 1199 4200 dicatur,
1214 4141 1243 4189 et
1254 4141 1344 4204 potest
1355 4149 1417 4191 esse
1438 4141 1532 4200 tanta,
1547 4143 1576 4191 ut
1591 4146 1665 4194 recte
1680 4138 1764 4194 etiam

127 4231 269 4300 briamque
291 4227 443 4284 doctrinam
467 4234 624 4283 sanctorum
639 4225 750 4282 Puteum
776 4227 921 4283 sententiis
970 4229 1077 4287 dicutur
1089 4225 1246 4298 aequalitas,
1261 4225 1312 4281 nisi
1326 4227 1398 4298 quod
1412 4242 1511 4298 parens
1523 4236 1647 4299 tempore
1663 4243 1765 4300 pratee-

127 4319 242 4388 imbuti,
256 4319 374 4390 qualiter
388 4319 592 4387 intelligendum
607 4319 644 4375 sit
660 4317 732 4389 quod
745 4317 817 4374 neus
836 4318 921 4374 bomi-
970 4322 1021 4388 dit,
1047 4337 1081 4377 es
1103 4335 1158 4391 quo
1182 4318 1343 4388 intelligitur
1366 4328 1394 4374 et
1413 4319 1597 4391 aequalitatem
1621 4321 1766 4392 aliquando

128 4427 187 4467 nent
207 4410 242 4465 od
262 4410 402 4480 imaginent
427 4419 452 4464 et
469 4409 669 4465 similitudinem
694 4427 770 4465 auom
793 4413 920 4466 creauerit
971 4429 1026 4469 nun
1040 4412 1127 4468 solunt
1151 4411 1356 4467 similitudinem
1378 4412 1494 4476 babere,
1510 4414 1558 4469 sed
1574 4412 1656 4469 etiam
1671 4413 1768 4486 imagi

128 4501 206 4574 (Gen.
220 4498 257 4571 ι),
277 4500 399 4555 exsecuti
421 4516 531 4567 summ,
549 4517 621 4557 nunc
635 4515 725 4572 operte
744 4501 861 4572 pretium
879 4510 921 4558 est
937 4497 1143 4570 ouem,‘quod
1165 4500 1192 4556 iu
1210 4500 1350 4571 superiore
1373 4501 1498 4572 exemplo
1516 4500 1690 4559 manifestum
1713 4513 1765 4561 est.

129 4600 159 4647 ut
172 4607 234 4668 qum
249 4591 286 4645 sit
298 4588 451 4647 differentia
474 4591 601 4662 imaginis
612 4600 642 4648 ct
656 4592 858 4659 similitudinis,
873 4608 921 4649 seu
973 4592 1067 4648 Potest
1081 4591 1163 4646 ctiam
1178 4590 1323 4662 aliquando
1337 4606 1398 4647 esse
1412 4591 1560 4649 similitudo
1575 4601 1603 4649 et
1613 4595 1766 4668 aequalitas,

128 4682 212 4739 etiam
226 4680 406 4751 aequalitatis,
421 4682 540 4738 breviter
554 4697 738 4753 exsequamur
759 4703 767 4738 :
788 4693 922 4755 quatenus
973 4683 1097 4755 quamtis
1111 4697 1164 4737 non
1181 4681 1216 4737 sit
1230 4681 1329 4753 imago,
1346 4691 1377 4737 ut
1387 4683 1420 4739 dc
1433 4683 1493 4740 otis
1503 4685 1616 4755 paribus
1625 4685 1764 4744 diximus:

128 4785 157 4830 et
168 4772 207 4829 ilii
220 4773 267 4844 qui
283 4773 318 4829 ob
340 4772 492 4829 adorandas
514 4773 647 4845 imagines
658 4789 707 4845 per
720 4783 844 4845 patentes
864 4777 922 4832 ina-
972 4782 1062 4845 potest
1078 4773 1227 4830 similitudo
1242 4781 1270 4830 et
1295 4775 1393 4846 imago,
1412 4778 1538 4847 quamuis
1556 4793 1610 4835 non
1623 4779 1661 4836 sit
1674 4797 1766 4852 atqua·

128 4865 206 4921 nium
226 4863 408 4920 assertionum
424 4878 534 4942 canopos
547 4864 662 4921 effrenes
675 4864 809 4933 feruntur,
824 4866 921 4924 bomnr
973 4867 1045 4933 litas,
1064 4875 1094 4922 ut
1109 4866 1136 4921 iu
1150 4866 1260 4936 speculo
1274 4866 1464 4922 ostendimus:
1478 4878 1567 4937 potest
1581 4877 1608 4925 et
1620 4870 1768 4929 similitudo

129 4957 223 5021 trium,
233 4970 293 5025 qum
300 4953 435 5010 iliiomnia
446 4970 514 5025 pene
523 4964 727 5026 unumputant,
739 4955 922 5014 differentium
972 4971 1043 5025 esse,
1059 4958 1104 5013 ubi
1128 4967 1156 5014 et
1170 4955 1312 5028 :equalitas
1326 4964 1353 5012 ct
1378 4955 1468 5027 imago
1490 4957 1545 5025 sit,
1564 4957 1636 5013 sicut
1655 4959 1690 5016 dc
1704 4959 1768 5017 liliis

129 5046 478 5119 cognoscentes,inquauto
488 5046 823 5119 sinterroreperpendant,
833 5057 921 5106 etsta·
973 5051 1261 5113 oonrmemorarimus,
1277 5056 1390 5119 excepto
1404 5056 1525 5118 tempore
1537 5064 1591 5120 quo
1610 5053 1768 5121 procedunt

129 5137 199 5195 diosi
206 5137 307 5209 quique
314 5138 366 5193 boc
373 5138 861 5220 legentcsadquasdamintelligentiae
869 5140 923 5196 oti·
974 5149 1110 5213 parentes.
1130 5161 1139 5192 t
1155 5140 1203 5196 llis
1218 5140 1300 5211 igitur
1316 5138 1396 5208 buius
1408 5137 1568 5207 differentia
1583 5140 1684 5210 regulis
1705 5141 1766 5197 bre·

121 5229 222 5300 ,tintus
244 5230 383 5286 aceedmt.
403 5225 468 5287 llaed
477 5230 622 5310 *ergo'tria
638 5230 826 5306 distinguenda
841 5239 922 5298 suin,
974 5232 1044 5288 viter
1056 5230 1187 5302 prolatis,
1203 5232 1237 5285 ad
1251 5245 1283 5286 ea
1295 5245 1356 5300 cquae
1373 5231 1490 5300 incoepta
1504 5237 1567 5285 sunt
1580 5231 1676 5288 ordine
1691 5248 1765 5289 com·

131 5307 751 5404 quiaomnequodimagoest,similitudo'est,
766 5331 922 5379 nontamen
974 5325 1076 5399 petenti
1089 5333 1274 5389 transeamus,
1290 5333 1319 5380 et
1337 5323 1436 5380 dirinm
1449 5322 1517 5395 legis
1530 5323 1682 5381 testimonia
1694 5326 1728 5383 ab
1737 5327 1767 5382 it·

130 5428 212 5468 omne
222 5411 296 5486 quod
302 5414 463 5483 similitudo,
474 5416 565 5488 imago
577 5426 629 5482 est,
643 5424 742 5474 etcum
755 5417 845 5490 imago
854 5434 924 5474 nun·
976 5420 1011 5476 lis
1024 5435 1077 5474 non
1090 5425 1164 5475 recte
1177 5424 1319 5489 usurpata,
1331 5432 1346 5471 a
1361 5416 1440 5472 nobis
1453 5415 1646 5472 venerabilium
1657 5416 1769 5477 Patruus

131 5517 214 5575 quam
229 5502 407 5562 similitudine
420 5517 522 5572 careat,
535 5505 686 5563 similitudo
705 5523 771 5564 sero
785 5508 924 5564 multoties
977 5497 1147 5568 documentis
1164 5517 1237 5565 recte
1249 5509 1304 5565 sint
1313 5508 1483 5579 promulgata
1496 5525 1502 5561 :
1517 5517 1652 5579 quatenns
1663 5520 1690 5567 et
1707 5512 1769 5568 illo-

131 5589 250 5663 itnsginc
263 5603 366 5662 careat,
378 5596 539 5666 plerumque
549 5605 577 5652 et
586 5598 736 5678 similitudo
751 5607 779 5654 ct
789 5599 925 5671 iuragoae·
978 5618 1038 5658 rnm
1060 5601 1179 5669 subtus,
1204 5600 1248 5657 bis
1270 5600 1320 5656 alis
1341 5599 1436 5656 incus
1456 5615 1524 5670 quas
1537 5599 1593 5665 ,sibi
1611 5616 1771 5675 arroganter

132 5682 262 5753 qualitate
272 5695 599 5760 carerenoscuntur‚qnoe
611 5690 694 5747 etiam
705 5692 846 5763 aequalitas
857 5706 925 5748 non·
977 5693 1266 5759 accommodaverunt,
1282 5690 1413 5760 fatescat,
1439 5699 1467 5748 et
1481 5690 1664 5751 studiosorum
1687 5696 1769 5754 lecto-
