4050 6192
140 257 190 312 liii
575 266 604 334 Β,
632 267 757 325 dilituit
778 269 883 326 ilidii
908 271 983 329 OPP.
1003 272 1093 332 PARS
1113 273 1134 331 l.
1160 273 1284 332 suerio
1300 274 1344 330 tlt.
1719 270 1773 328 ⁶28

174 371 249 428 litem
266 372 311 447 [Et
328 371 380 447 est]
399 389 412 416 ι
427 377 454 430 iii
480 382 600 449 partibus
617 380 714 435 'inscie
738 381 925 450 longobardo·
939 394 962 450 fl
976 402 1008 441 ea
1027 385 1113 441 saneti
1135 385 1220 447 Petri,
1244 391 1271 438 et
1292 393 1382 438 resno
1406 398 1438 437 re
1454 392 1611 454 troromque
1633 399 1772 440 successti-

139 460 197 498 rum
215 444 359 500 Castellum
379 446 537 512 Felicitatis,
550 449 718 515 Urbiiettim,
731 451 858 505 Balneum
870 453 924 506 lle·
977 471 1037 510 rum
1051 463 1221 526 pretaxatam
1232 454 1324 523 cpisco
1342 453 1397 508 iiim
1409 454 1642 526 liabeinbargense
1664 454 1771 524 episco-

136 515 194 578 pis,
217 514 335 581 Ferenti,
361 516 526 581 viterbium,
551 519 644 576 Orbem
670 518 819 594 [Ortliem],
846 521 927 604 189
976 541 1040 594 pum
1064 468 1341 595 llabembergeosemi¹
1356 522 1504 579 offerimus.
1521 521 1599 582 Unde
1624 525 1646 594 1
1720 525 1772 580 suli

139 584 263 646 lliirtuni,
279 584 397 650 Pieriam,
414 587 575 654 Tuscanam,
589 589 718 653 Sannum,
737 588 924 659 Populonium,
977 595 1113 665 pensionis
1128 593 1237 649 nomine
1248 590 1370 665 [nostrie]
1383 605 1482 662 equum
1494 607 1577 648 unuin
1591 595 1681 649 amum
1704 593 1771 649 lale-

139 653 259 736 llosolias
272 654 433 737 [Roaellesp
447 673 508 712 cum
527 660 699 723 suburbanis,
723 668 803 728 atque
821 662 925 725 iieulis,
977 675 1066 719 ratum
1080 680 1113 720 eii
1127 662 1248 732 ejusdem
1266 661 1316 717 locl
1334 664 1461 734 episeopo
1477 677 1526 718 ros
1540 664 1694 719 annualiter
1713 678 1769 719 sos·

136 733 164 777 ot
177 726 302 782 omnibus
315 727 469 790 territoriis,
482 743 515 783 ac
527 730 672 785 maritimis
683 730 797 799 oppidis,
811 745 858 786 soit
870 732 927 785 liiii·
976 743 1103 804 ceptirios
1118 733 1256 788 sancimus
1267 731 1293 785 l.

138 794 189 849 bos
201 795 334 851 omnibns.
1010 801 1156 860 oderimus
1178 802 1296 884 insuper,
1312 799 1468 867 druiamos,
1485 812 1512 858 ιι
1536 803 1696 858 roboramus
1721 803 1771 858 tilii

136 864 322 991 ὃ(Ιιιιιιιιιιιίιθιι
335 867 418 993 largiris
440 866 554 992 [aluiiislp
567 885 629 924 cnm
654 867 739 924 insola
764 869 874 924 Corsica
900 871 927 924 in
976 874 1057 930 beato
1070 873 1160 939 Petro,
1180 886 1212 927 ae
1223 871 1324 927 vicario
1336 880 1383 926 tuo
1395 872 1649 937 donnoliooedicto,
1663 880 1690 926 et
1710 888 1772 928 suc·

166 950 262 997 triario,
315 953 343 992 ιιι
389 948 520 993 urimonte

134 1013 204 1067 oeni,
220 1005 317 1067 exinde
336 1007 363 1061 in
386 1008 494 1072 Parma,
508 1009 606 1064 deiude
629 1009 656 1063 Ιιι
677 1009 775 1077 Regia,
790 1019 817 1062 et
831 1010 928 1064 eiiurie
977 1014 1086 1083 suisque
1097 1011 1299 1068 successoribus
1309 1027 1324 1065 a
1335 1012 1571 1081 predecessoribus
1583 1013 1682 1066 nosiris
1692 1011 1773 1068 Octo

134 1074 245 1146 illegia,
259 1076 368 1151 exinde]
383 1079 410 1131 iri
425 1077 549 1145 Mantua,
564 1090 645 1148 atque
660 1079 687 1133 iii
711 1087 803 1132 monte
827 1078 927 1143 Silicis,
977 1083 1057 1138 nibus
1083 1079 1352 1206 Ottonibusklactiim
1365 1083 1549 1146 est,cii·itales
1562 1090 1590 1136 et
1600 1080 1698 1152 oppida
1711 1097 1773 1137 cuin

133 1154 214 1213 :itque
230 1147 603 1214 proi'incialeuetiarum,et
618 1149 705 1204 l’stria
720 1146 833 1220 [lstrial.
861 1147 929 1204 Neo-
978 1152 1103 1277 piscariis
1133 1151 1205 1216 suis,
1255 1161 1357 1214 eatent,
1378 1151 1546 1207 Amiternum
1568 1148 1771 1224 [Amiternum.

136 1230 189 1274 iton
210 1225 237 1270 ct
259 1223 384 1293 cunctum
409 1217 583 1288 Spoictairuin
617 1219 753 1280 ducatum,
769 1233 817 1273 seii
841 1218 929 1274 Beue-
1000 1237 1138 1283 arconem,
1148 1221 1281 1281 Nursiam.
1296 1220 1415 1285 Balaam,
1426 1231 1453 1276 et
1469 1221 1605 1285 llursiant,
1617 1228 1644 1276 et
1657 1221 1721 1277 alibi
1734 1215 1774 1277 ci·

135 1294 242 1342 emitum
266 1287 516 1360 [Beneventanum]
542 1305 592 1344 iiiia
616 1305 678 1344 eom
697 1286 811 1344 ecclesio
836 1299 938 1343 sancte
979 1292 1091 1348 ritatem
1104 1292 1264 1348 'l'eiamnem
1276 1306 1339 1346 cum
1353 1291 1524 1362 pertinentiis
1539 1292 1597 1346 suis
1610 1302 1633 1344 ι.

133 1356 269 1437 ιὶιιιὶιιὲιιι
283 1359 369 1427 posita
384 1374 466 1429 prope
481 1360 592 1430 Pupiam
607 1358 685 1428 juxta
706 1357 815 1429 padum,
831 1369 930 1428 quano
1016 1363 1070 1418 llas
1083 1375 1178 1416 omnes
1190 1361 1360 1430 supradictas
1377 1361 1542 1484 prurinrias,
1557 1362 1647 1422 urbes,
1666 1370 1693 1414 et
1708 1361 1774 1418 cii-i·

137 1426 265 1481 iiiiliaiio.
980 1439 1066 1495 tates,
1080 1432 1194 1501 oppida,
1208 1440 1288 1501 atnoe
1307 1440 1381 1486 caste
1393 1431 1418 1486 la
1428 1472 1435 1495 ,
1446 1431 1559 1492 siculos,
1574 1447 1607 1485 ac
1625 1430 1773 1493 territoria,

555 940 678 1001 ardonis,
694 938 790 994 deinde
814 940 840 993 iu
864 940 928 994 Ber·
977 944 1203 999 cossoribiiseus
1224 950 1304 1012 prout
1322 943 1392 996 bone
1415 942 1543 997 memorio
1564 955 1634 1012 pope
1655 939 1772 1007 loanni,

170 1496 234 1577 lteui
249 1498 274 1551 iii
290 1498 412 1566 partibus
424 1497 570 1567 Canipanie
583 1497 662 1563 Sora,
672 1497 766 1562 Aroes,
782 1497 929 1565 Aquinum,
980 1502 1114 1571 simulque
1143 1499 1286 1555 atrimoiila

134 1566 302 1631 Ariminum,
316 1568 437 1623 Teanum
460 1566 602 1639 [riporum
617 1567 786 1640 Theatruml,
799 1568 929 1637 Caprium,
980 1572 1078 1642 populo
1104 1517 1260 1626 Cssrlstiano
1286 1515 1514 1642 [grauissimorum
1522 1568 1639 1693 ¹populo]
1664 1585 1773 1624 conser-

134 1652 239 1690 uoonon
252 1646 279 1691 et
292 1638 485 1705 patrimonium
509 1638 543 1692 ad
564 1646 726 1708 potestatem
749 1648 777 1694 et
801 1639 931 1694 ditionem
980 1643 1070 1696 raudo
1079 1641 1136 1710 iarn
1147 1641 1217 1695 dicte
1229 1640 1348 1696 Ecclesia
1362 1649 1418 1703 tue,
1430 1641 1510 1695 beato
1543 1649 1610 1704 etro,
1619 1640 1775 1709 ricarioque

133 1715 251 1760 iusti-aui
280 1708 453 1776 pertinentia,
476 1708 546 1764 sicot
564 1718 606 1764 est
630 1709 823 1778 patrimonium
846 1708 930 1764 Bene·
947 1710 1192 1790 BtooBenedicto,
1207 1726 1240 1766 ao
1255 1710 1456 1766 successoribus
1467 1709 1526 1779 ojus
1544 1725 1631 1780 osque
1650 1710 1677 1764 iii
1694 1709 1775 1764 linem

133 1785 288 1840 tentanum,
302 1786 331 1831 ot
347 1777 654 1849 Neapolitanumatque
667 1779 859 1847 patrimonium
876 1779 929 1832 (la-
981 1782 1066 1837 seculi
1076 1781 1410 1846 eomodoconlirmamus,
1421 1780 1488 1836 utin
1498 1779 1694 1836 suodetineuut
1702 1778 1775 1847 jure,

134 1847 218 1901 lubrie
241 1848 405 1916 superioris,
426 1858 453 1903 et
474 1845 621 1903 interioris.
648 1849 685 1902 De
707 1848 817 1903 civitate
839 1855 930 1903 autent
980 1851 1145 1921 principato,
1158 1859 1239 1921 atquo
1250 1849 1351 1906 ditione
1367 1850 1389 1904 ¹.

134 1916 319 1984 Neapolitana,
337 1916 421 1990 [cum]
437 1917 930 1983 rastellis,ettcrritoriis,aelinibus
1017 1921 1106 1976 Simili
1117 1921 1197 1976 modo
1208 1935 1257 1990 per
1274 1920 1326 1975 lioc
1351 1928 1444 1975 nostre
1466 1919 1645 1990 delegationis
1668 1925 1777 1989 pictam
1839 1971 1842 1976 ι

133 1995 160 2038 ot
172 1985 268 2041 insulis
283 1988 335 2042 sibi
357 1989 562 2057 pertinentibus,
576 1989 654 2043 sicuti
676 1989 710 2043 ad
729 1989 838 2043 easdem
858 1987 930 2057 aspi·
980 1991 1173 2047 confirmamus
1186 1991 1354 2054 donationes,
1375 2005 1445 2060 otius
1455 1988 1502 2059 pie
1522 1989 1717 2044 recordatiouis
1731 1988 1776 2042 Pi-

133 2071 195 2110 cere
208 2056 343 2120 silentur,
358 2072 463 2114 necnon
485 2058 679 2127 patrimonium
698 2057 800 2122 Sicilie,
813 2059 837 2112 si
859 2057 931 2112 oeus
980 2062 1060 2131 piam
1074 2076 1139 2125 rei,
1153 2069 1180 2116 ot
1190 2069 1285 2130 postea
1294 2060 1399 2116 dorium
1410 2058 1524 2115 Carolus
1536 2058 1778 2114 excellentissimas

134 2127 233 2181 uostris
249 2125 390 2182 tradiderit
407 2128 472 2181 illud
483 2129 618 2184 manibus.
632 2128 721 2183 Simili
736 2128 816 2183 modo
836 2128 930 2184 cirita-
980 2132 1143 2202 imperator,
1158 2146 1192 2187 au
1212 2131 1339 2201 deinceps
1360 2129 1476 2184 ditiones
1499 2127 1634 2252 {ottones}
1662 2127 1776 2200 piissimi

134 2206 188 2250 tim
204 2195 327 2264 Gojetam
353 2197 507 2269 [Caietaoip
521 2207 549 2252 et
572 2198 695 2256 l'undum
720 2214 782 2254 cuni
804 2197 931 2254 omnibus
980 2202 1060 2257 beato
1087 2201 1170 2258 Petro
1192 2200 1292 2257 Christi
1317 2200 1439 2270 apostolo
1464 2204 1602 2255 rouatate
1627 2208 1775 2268 spontanea

132 2281 226 2321 caiam
241 2267 413 2337 pertinentiis
428 2269 453 2320 ¹³.
981 2272 1154 2327 contulerunt
1170 2273 1192 2335 ὅ,
1208 2270 1286 2343 191
1301 2285 1405 2326 necnon
1417 2279 1446 2325 et
1459 2284 1578 2334 censum,
1594 2270 1638 2324 vel
1652 2267 1702 2341 let]
1714 2282 1779 2339 pen-

168 2333 256 2405 Supor
268 2338 316 2393 lice
328 2336 402 2410 [boc]
419 2336 613 2393 confirmamus
630 2340 706 2394 robis
725 2335 858 2394 fuldense
872 2352 930 2392 ino
980 2342 1095 2406 sionem,
1113 2357 1162 2398 seii
1176 2351 1281 2397 celeras
1295 2340 1454 2396 donationes
1465 2337 1623 2412 [dationes],
1635 2354 1690 2409 que
1705 2338 1777 2410 [qum

133 2407 298 2472 austeriora,
319 2416 347 2463 et
369 2408 477 2464 abbatis
498 2407 558 2476 eius
582 2408 829 2474 consecrationem,
848 2414 932 2476 atque
981 2410 1133 2483 annuatim]
1146 2413 1174 2468 iu
1185 2411 1315 2482 palatium
1329 2411 1401 2479 regis
1421 2409 1659 2480 Loiigobardorom
1682 2406 1776 2463 iolerri

132 2476 223 2530 omnia
244 2477 408 2533 monasteria
431 2486 530 2541 curtes,
547 2487 576 2533 et
598 2479 686 2542 uillas,
701 2493 771 2547 qous
793 2477 820 2532 iii
843 2477 930 2533 ultra·
981 2481 1105 2537 solebant
1120 2482 1220 2537 siredo
1233 2480 1341 2544 Tuscia,
1356 2480 1414 2535 site
1437 2480 1471 2535 dc
1493 2480 1592 2536 ducatu
1621 2477 1777 2548 Spoletaiio,

135 2547 270 2602 montanis
281 2557 392 2604 sanctus
408 2519 506 2603 betrus
529 2549 631 2605 babere
654 2548 812 2611 dinoscitur,
828 2548 931 2617 absquo
980 2550 1053 2607 sicut
1069 2553 1098 2607 in
1120 2551 1312 2622 suprascriptis
1325 2550 1526 2613 donationibus,
1538 2556 1567 2605 ιι
1591 2550 1661 2603 inter
1684 2556 1776 2604 sancte

133 2625 244 2672 antesna
257 2618 331 2679 aiitni
345 2630 463 2687 reringu,
471 2618 528 2673 sive
538 2618 704 2675 uuillinbacb
719 2617 929 2691 [vomitorium.
981 2622 1113 2678 memorie
1125 2623 1274 2678 Adrianum
1286 2636 1395 2691 papam,
1409 2630 1436 2675 ct
1447 2621 1567 2676 donnum
1579 2619 1708 2676 llarolum
1726 2617 1779 2682 iiii:

134 2690 192 2742 sito
210 2685 407 2762 Urullmbacbl,
421 2705 474 2758 oue
495 2705 512 2745 a
535 2690 622 2745 sancti
648 2688 723 2744 Petri
744 2688 860 2746 ooctcsia
881 2702 931 2758 per
980 2699 1133 2762 paratorum
1144 2692 1279 2754 convenit,
1293 2690 1486 2761 quandoidem
1497 2689 1619 2761 pontiieu
1636 2689 1723 2744 eidem
1745 2687 1780 2741 dc

134 2758 321 2814 conversionis
336 2758 579 2833 [commutationis]
594 2760 718 2832 paginam
731 2759 858 2831 episcopo
879 2774 930 2813 oo·
981 2762 1144 2832 suipradictis
1159 2758 1374 2839 [suprascriptis]
1395 2761 1549 2826 decenbris,
1561 2761 1642 2816 idest
1654 2758 1779 2814 Tuscana

134 2838 192 2884 stro
202 2828 428 2901 babenbergensi
444 2829 805 2956 [babembergensikeollate
828 2835 929 2884 suits.
982 2839 1010 2888 et
1026 2831 1172 2904 Spoletano
1183 2847 1231 2888 sue
1240 2831 1412 2888 auctoritatis
1423 2839 1580 2902 preceptum
1598 2828 1778 2886 confirmarit.

134 2898 188 2955 Pro
200 2899 299 2968 quibos
313 2901 449 2970 sepedicto
460 2901 579 2956 Ecclesie
589 2901 676 2955 sancti
711 2899 931 2954 ctritranscribi-
982 2901 1410 2958 Euscilicetmndootanuissin
1448 2901 1481 2956 lis
1491 2901 1736 2983 predictosceiistis
1745 2895 1780 2951 ad

134 2985 205 3034 mus,
216 2970 397 3034 concedimus,
412 2982 440 3025 et
454 2971 646 3027 consumamus
657 2985 764 3026 omnent
785 2969 858 3024 illam
878 2977 931 3022 ter-
981 2979 1087 3045 partein
1099 2972 1311 3029 ecclesiesaneti
1323 2971 1406 3045 [beati
1430 2970 1504 3027 Petri
1514 2970 1694 3041 persolvatur,
1705 2967 1780 3023 salia

136 3055 204 3095 rani.
217 3054 299 3109 quam
311 3038 383 3095 inter
394 3039 532 3104 Narniam,
547 3040 718 3103 Teramoein,
735 3039 777 3094 rel
792 3038 930 3108 Spoletiiiii
946 3075 968 3136 c
983 3057 1064 3112 sopor
1075 3043 1184 3099 eonium
1197 3044 1312 3098 ducatus
1322 3049 1415 3097 nomm
1424 3041 1587 3096 inomnibos
1597 3040 1780 3096 dominatione

135 3125 169 3166 os
182 3110 258 3179 regui
271 3111 357 3165 oostrl
369 3120 447 3181 parte
462 3111 615 3166 babuimus.
627 3109 684 3166 Sub
697 3110 811 3166 tuitione
824 3116 931 3179 pretor·
982 3121 1010 3168 et
1024 3112 1132 3169 illorum
1143 3114 1179 3169 ad
1190 3121 1311 3170 nostram
1325 3120 1432 3182 purtem
1442 3108 1610 3180 subiectione
1622 3111 1648 3154 b

1318 1507 1429 1556 rostatu
1441 1502 1515 1571 regni
1527 1501 1612 1555 nostri
1624 1510 1775 1569 cuiirtoquc

136 3239 238 3312 gitores
252 3253 279 3298 ot
304 3244 355 3314 ipsi
372 3244 484 3311 luerint,
501 3245 548 3301 sed
566 3245 630 3316 quio
646 3243 800 3302 carolinam
813 3243 935 3300 donatio
983 3245 1156 3302 donationem
1170 3245 1250 3302 istum
1265 3246 1395 3302 tribuere.
1413 3245 1491 3302 Unde
1513 3245 1592 3301 lacile
1615 3243 1779 3314 ameooeris,

138 3329 200 3368 ιιιιιι
222 3314 459 3370 confirmaverant.
486 3315 570 3386 Pugio
594 3315 746 3372 ludovicos
769 3314 934 3370 amovendus
983 3314 1064 3385 paulo
1075 3329 1158 3386 supra
1169 3325 1293 3387 agentem
1303 3315 1337 3371 de
1349 3315 1486 3371 territorio
1497 3314 1640 3372 sabinensi
1652 3314 1724 3371 liaud
1734 3329 1780 3369 ci·

138 3382 255 3449 ridetur,
268 3400 330 3439 nain
344 3384 492 3440 declararit
506 3386 720 3441 commentitium
738 3384 855 3456 diploma
877 3385 932 3437 tu·
983 3385 1096 3441 clusisse
1109 3385 1195 3441 ullum
1208 3401 1224 3441 e
1236 3386 1292 3441 suis
1304 3385 1519 3450 antecessoribus,
1531 3401 1584 3456 qua
1597 3386 1625 3440 in
1648 3399 1679 3440 re
1700 3384 1781 3438 liber·

137 3453 237 3509 dorici.
258 3453 324 3511 llilii
338 3469 412 3517 icio,
431 3456 546 3525 qtiioon
570 3456 650 3512 modo
667 3462 783 3520 certam,
797 3454 846 3509 scd
869 3454 935 3509 alio-
983 3463 1039 3511 tate
1066 3455 1157 3511 miuus
1179 3454 1290 3512 lereiida
1316 3455 1429 3525 Pupium
1456 3455 1572 3511 vidimus
1592 3469 1672 3511 usim
1701 3469 1778 3518 esse,

138 3536 198 3578 rum
211 3523 313 3580 loritein
333 3525 546 3581 ludovicianum
566 3541 627 3582 esse
639 3525 831 3587 demonstrari,
845 3524 934 3580 ludo
983 3524 1113 3581 ludovici
1125 3540 1224 3582 nomen
1243 3524 1419 3582 detrahendo.
1440 3523 1524 3582 Paulo
1536 3524 1609 3581 inira
1621 3539 1667 3581 res
1678 3523 1780 3579 olarior

137 3595 213 3649 sicus
225 3609 287 3650 ιιιιιι
302 3595 364 3649 aliis
384 3595 425 3650 Au
445 3596 515 3652 ustis
534 3605 576 3652 est
599 3596 750 3651 certissime
765 3595 931 3650 retinendus.
984 3596 1039 3650 lint.

137 3661 307 3735 ligligeutia
321 3665 392 3720 euim
441 3667 554 3721 ttonianl
568 3667 629 3731 scii,
645 3680 706 3735 onie
719 3665 932 3722 Ludoiicianuiii
1022 3664 1222 3728 ‘Siimmaest
1237 3664 1382 3735 diplomata
1397 3663 1488 3719 omniu
1508 3672 1664 3721 constanter
1677 3660 1778 3719 condr-

136 3733 256 3803 diploma
276 3735 511 3792 transcribendum
536 3736 669 3802 exhibuit,
683 3745 875 3806 auctoremque
889 3735 931 3803 ip·
983 3751 1057 3790 mare
1066 3733 1112 3805 ius
1125 3735 1293 3805 pontificium
1307 3747 1464 3805 supremum
1477 3735 1604 3791 omnibus
1618 3736 1645 3790 iu
1666 3732 1777 3805 pinria-

136 3819 196 3859 suoi
209 3803 366 3874 diplomatis
384 3805 492 3862 silentio
514 3807 655 3877 praeteriit,
670 3806 822 3863 damnanda
843 3806 933 3875 potius
983 3805 1043 3864 ciis,
1057 3811 1084 3861 ot
1097 3805 1260 3868 civitatibus,
1272 3820 1305 3859 ac
1320 3805 1387 3861 locis
1399 3805 1539 3875 bonusque
1558 3803 1732 3864 enumeratis,
1742 3802 1778 3855 ita

137 3889 220 3986 ipram
207 3873 505 3999 M{adialsielnpinionis
518 3877 698 3947 patrocinium
705 3876 843 4001 ιἷιιιιιιιιιι.
913 3946 918 3956 ¹
982 3875 1118 4000 uttaluplin
1131 3874 1476 3999 9¹¹⁸iq¹¹i³ydi¹i⁰¹¹⁰t⁵²g⁰¹ae¹
1487 3875 1568 3940 sedis,
1581 3872 1779 4002 quaossigneiou

187 3962 271 4097 ool.
286 3953 934 4099 bardilittbttblnltttsbltlss
982 3954 1239 4096 {blattina
1252 3959 1382 4085 lillis
1399 3959 1694 4072 nibridius,
1712 3957 1782 4083 ,3:⁴3

157 4086 292 4141 erroribus
313 4086 477 4158 diplomatis,
495 4102 556 4157 quae
579 4086 694 4160 legunt:
714 4084 783 4141 iterii
801 4103 829 4140 m
853 4094 934 4155 porti·
984 4083 1050 4139 tiles
1064 4084 1229 4154 declaretur.

138 4099 196 4217 iiii,
208 4163 262 4211 ιιι.
1021 4156 1035 4196 Β
1094 4154 1360 4213 dorieombicslluri
1375 4155 1442 4211 niliil
1461 4154 1585 4210 mirum:
1609 4165 1735 4223 namquo.
1752 4158 1782 4203 ¹¹²

175 4224 348 4296 l›llucusrpue
362 4226 397 4281 ab
407 4224 552 4283 Ottuaiano
560 4225 628 4280 iiiliil
637 4226 782 4295 discrepat.
796 4226 863 4282 Vide
873 4240 934 4294 qun
984 4240 1022 4280 san
1069 4224 1316 4290 ustulatumnibil
1330 4240 1443 4295 prorsus
1461 4224 1577 4281 donasse
1597 4239 1660 4279 euin
1674 4228 1781 4278 constat

138 4294 175 4349 ilii
190 4296 307 4351 diximus
320 4295 346 4350 in
361 4297 443 4352 notis.
984 4301 1085 4350 sanetae
1104 4294 1173 4351 sodi.
1186 4295 1234 4350 Est
1250 4303 1339 4352 tumen
1359 4302 1451 4350 notatu
1466 4294 1547 4365 digna
1561 4292 1715 4363 huiusmodi
1733 4290 1782 4344 do·

175 4377 186 4402 ι
206 4366 433 4434 bambergensem
445 4366 587 4422 ecclesiam
608 4364 730 4434 impensu
757 4365 793 4421 ab
816 4363 933 4423 llenrico
984 4365 1124 4421 nationum
1139 4365 1318 4420 eonllrmatio.
1332 4364 1400 4420 liunt
1415 4365 1568 4421 Lodovicos
1587 4366 1640 4420 buc
1653 4361 1712 4418 loco
1731 4375 1783 4430 pro

139 4431 263 4491 dilectum
276 4451 310 4488 aa
325 4435 393 4490 tubi
406 4438 503 4493 concil.
518 4433 703 4491 Franeolordii
731 4434 853 4490 habitum
878 4438 935 4506 pri-
948 4432 973 4493 ῠ
987 4443 1067 4504 pacto
1086 4434 1218 4490 decretam
1238 4432 1375 4499 adhibuit;
1400 4444 1429 4491 ot
1449 4434 1512 4492 Otto
1536 4443 1618 4505 atque
1638 4431 1779 4490 ilenricus.

138 4504 236 4575 iili-gio
255 4505 345 4561 nitens
369 4504 467 4560 Joaoiii
490 4505 560 4561 llllll
585 4505 613 4558 in
637 4519 653 4559 ι
673 4505 822 4573 isoopatuiu
856 4507 937 4578 erigit
1005 4514 1095 4561 amum
1126 4503 1298 4575 delcputt'oiiit
1323 4520 1374 4575 pro
1401 4505 1609 4575 confirmationis
1634 4501 1779 4583 appellarit.

138 4573 367 4656 (balbutierant
382 4520 935 4658 tom.lx,p.iubsssbmaronquicoa-
986 4521 1124 4646 {oquendi
1141 4575 1259 4630 varietas
1277 4581 1371 4644 aperta
1389 4583 1432 4631 est
1455 4592 1462 4629 ι
1488 4575 1655 4630 Ludorioom
1668 4584 1782 4656 ,qnippe

137 4645 202 4699 cilio
216 4642 346 4709 interluit,
362 4658 421 4701 iem
434 4655 527 4702 narrat
541 4663 547 4701 ι
562 4660 623 4716 oure
636 4644 674 4701 ibi
687 4646 786 4701 desunt
798 4646 863 4703 liinu
876 4661 937 4717 sup
986 4646 1084 4727 decreti
1094 4645 1203 4701 nomine
1214 4659 1293 4727 osum
1304 4659 1365 4730 esse
1374 4661 1424 4716 pro
1435 4655 1579 4716 parinum
1589 4651 1782 4723 constituimus

138 4721 268 4839 pepippim
285 4783 557 4868 dissertatdnuinstl
577 4783 659 4855 serp).
674 4785 772 4867 Boron.
788 4782 844 4857 (un.
855 4787 934 4851 ibit,
987 4711 1778 4868 {ppeipppaeguopipqeposssah,mntpffioipeperyuppaemnmmippt

140 4871 214 4909 nuni.
231 4856 242 4908 l
256 4854 345 4927 seqq.)
360 4863 390 4911 ιι
399 4856 437 4910 ibi
451 4855 551 4928 Papius
567 4855 705 4912 Benedicti
715 4854 772 4910 Vlll
789 4856 934 4912 adtentum
986 4856 1135 4925 firmatione
1152 4857 1288 4920 substinu,
1306 4854 1503 4925 aliquantulum
1529 4856 1672 4911 obscuram
1694 4859 1779 4908 nouo

139 4925 314 4995 ltaiirbergani
328 4927 604 4982 statuooteod.aiioo
619 4925 698 4981 told.
712 4923 863 4995 ianitinpius
882 4943 933 4982 au·
986 4940 1049 4981 neni
1065 4923 1255 5006 raddinll'otat
1270 4933 1360 4981 tameo
1385 4925 1593 5050 ducangiusjll.
1609 4917 1780 5005 liadiutorci)

138 4996 265 5051 ctoritate
291 4993 400 5052 lusioris
423 4998 519 5055 cliroo.
535 4996 697 5061 lleimunni,
713 5011 771 5052 rem
793 4995 884 5053 differt
899 4995 934 5051 ad
986 4995 1201 5063 indiartisetus
1210 4995 1260 5051 mii
1273 4993 1519 5066 deleputioru'trooe
1558 4995 1676 5064 colgrim
1698 5001 1777 5047 ratio

138 5080 198 5135 seq.
211 5081 322 5122 annom.
334 5065 473 5123 alterutro
484 5066 615 5129 emnerii,
629 5067 802 5137 episcopatus
816 5076 873 5123 tum
883 5066 935 5121 luit
986 5081 1049 5122 nerii
1060 5065 1217 5135 acquirendi
1227 5079 1276 5135 pcr
1287 5067 1469 5121 monasteria:
1485 5084 1495 5117 r
1509 5061 1779 5136 nominatissimi.

139 5134 278 5206 subjectus
288 5145 390 5193 sanctae
400 5138 468 5193 sedi.
481 5138 571 5205 Quare
582 5136 737 5206 diplomatis
749 5144 816 5193 aetas
828 5143 934 5193 nonest
986 5137 1014 5190 in
1026 5132 1220 5203 cuiusmanum
1231 5135 1366 5206 damuatio
1375 5135 1470 5192 eadem
1480 5149 1647 5206 permauum
1659 5141 1781 5191 amiram

139 5221 184 5286 air.
198 5205 278 5261 loli.
302 5206 369 5262 Nam
385 5207 469 5279 episc.
486 5207 628 5276 bamberg.
641 5207 787 5263 subscribit
803 5206 882 5264 Rom.
894 5223 936 5263 se·
987 5206 1063 5276 prius
1074 5205 1163 5262 luent
1175 5205 1257 5287 ιιιιιιιἴ
1277 5224 1287 5257 ι
1305 5204 1395 5273 Quare
1405 5205 1441 5262 ab
1452 5220 1484 5261 re
1500 5213 1593 5261 nostia
1605 5200 1782 5328 Quacum

138 5274 318 5332 draiubditioi.
988 5290 1086 5330 aionien
1100 5291 1153 5331 non
1168 5274 1648 5347 utiliori.ndspuntaoeaibitoiiuui
1678 5279 1775 5330 matio

179 5345 261 5401 ι[ὶιιο
271 5348 315 5403 bic
331 5348 460 5404 notanda.
473 5344 565 5404 Primo
575 5346 722 5403 ilenricum
732 5346 934 5403 donationisaae
986 5362 1036 5402 nes
1049 5347 1122 5416 ouod
1136 5346 1243 5410 attinet,
1258 5345 1331 5402 iiullu
1354 5341 1407 5401 aliu
1420 5355 1559 5417 compertu
1568 5344 1636 5402 milii
1647 5351 1701 5411 est,
1711 5353 1776 5414 mm

138 5415 255 5485 propiis
267 5418 294 5471 in
306 5417 451 5488 Spoletaoo
469 5420 568 5475 ducatu
584 5415 662 5489 (die,
676 5424 707 5473 ut
726 5416 823 5474 niellus
834 5417 932 5482 dimna,
986 5425 1029 5472 teir
1040 5425 1143 5488 septem
1158 5416 1282 5472 urinas
1302 5414 1568 5486 Spoletinidoeatos
1587 5432 1596 5472 z
1615 5414 1664 5472 seii
1675 5429 1708 5471 en
1721 5412 1778 5483 ipae

139 5487 438 5565 coniurantiooimuius
447 5489 595 5545 dominium
605 5495 648 5544 est
660 5487 862 5560 videbimini)
873 5489 935 5545 sob-
986 5488 1055 5542 satis
1065 5496 1107 5543 est
1122 5487 1261 5544 ancorum
1273 5486 1566 5552 pontiniacensem,
1582 5483 1683 5556 inlecto
1693 5483 1781 5541 Ludo·

138 5570 221 5625 ittera
230 5558 355 5616 ciuitates
365 5559 401 5613 ab
415 5557 559 5616 ottonibus
575 5557 697 5623 donatas,
715 5572 800 5626 ocare
819 5558 934 5615 domtus
986 5557 1102 5613 siciano.

139 5627 228 5680 omnis
238 5626 308 5695 juris
320 5635 421 5684 sancte
434 5630 507 5685 sedis
525 5637 567 5684 est
588 5627 686 5685 lautus.
711 5627 811 5684 Deinde
838 5627 934 5699 ousiis
1022 5628 1035 5668 l
1056 5621 1084 5683 ln
1097 5627 1333 5684 dissertationibus
1347 5635 1375 5683 et
1386 5628 1459 5685 notis
1470 5626 1678 5699 precedentium
1697 5624 1779 5694 diplo

139 5698 234 5767 procul
260 5698 434 5767 ambiguitate
461 5697 694 5770 prodecessoribus
715 5699 772 5755 suis
796 5699 933 5755 (litonibus
987 5708 1089 5754 mutant
1106 5698 1278 5768 singulalcio
1289 5698 1449 5767 captiosum
1462 5698 1595 5771 exposita,
1608 5712 1668 5767 que
1679 5702 1778 5752 marim
