4050 6192
254 281 319 339 1211
689 270 719 327 Β.
737 267 863 326 cannot
882 266 990 323 itacui
1009 264 1084 325 OPP.
1105 264 1196 322 PARS
1215 265 1247 323 11.
1269 265 1390 326 sectio
1409 268 1442 327 ll.
1829 275 1887 333 titt

251 389 470 450 serendssimnnr
480 386 608 456 templum
624 383 729 441 bnmrni
745 400 762 440 a
772 383 856 439 David
869 380 1042 439 sanctissimo
1054 384 1081 445 Α
1094 381 1159 436 tiam
1171 379 1295 439 locorum
1305 383 1428 455 quadam
1443 381 1484 441 ris
1499 400 1582 440 unam
1592 386 1680 457 mg
1702 387 1810 444 haym
1825 404 1886 445 m

252 492 344 541 ratum
355 478 526 551 dispositum,
541 484 569 533 et
585 490 602 531 a
619 474 764 531 &lomene
782 474 945 538 dedicatum,
964 489 1047 543 ango-
1097 484 1147 545 per
1162 471 1359 538 onustandam,
1372 473 1436 543 quia
1455 489 1506 531 nec
1519 475 1643 532 homines
1657 493 1729 533 cnm
1742 477 1799 533 sim
1812 489 1887 539 mg,

253 573 343 630 lorum
355 568 479 626 excubiis
493 565 714 636 frequentatum,
731 564 829 619 divinis
852 562 970 621 oraculis
983 562 1046 617 iliu·
1097 561 1174 627 biles,
1187 563 1542 635 uniussemperrctinentur
1556 567 1718 624 tenacitatis
1731 569 1888 640 rigorem.

253 670 390 726 stranrm,
412 655 657 714 sacratissimamm
672 653 894 709 caeremoniamm
908 651 1048 721 perpetuis
1098 653 1202 719 stricti,
1219 655 1370 724 praesertim
1389 655 1583 713 eunetlunas
1596 659 1643 731 qui
1655 660 1888 730 nunndemloerat
1958 652 1959 657 ¹

253 750 487 809 observationibus
498 754 689 818 preparatum,
704 744 776 814 quod
792 743 827 799 ob
846 750 886 797 tot
897 741 1047 797 charisma·
1098 745 1246 815 apostolus,
1257 747 1429 817 postmodnm
1442 748 1555 807 effectus
1567 760 1608 807 est
1620 759 1773 821 apostata;
1791 762 1818 807 οι
1826 754 1888 808 pm.

255 853 312 899 tum
324 842 439 913 insignia
450 840 484 896 ab
502 838 620 907 antiquis
632 837 753 907 patribus
772 834 861 889 luerat
876 840 1046 898 veneratum,
1098 837 1141 892 lus
1150 837 1196 907 qni
1207 838 1342 907 quondam
1355 837 1444 895 luerat
1455 839 1554 897 Saulrrs
1566 852 1594 897 et
1605 852 1792 912 persemrtnr,
1806 854 1887 913 posteo
1958 862 1959 877 .

254 932 508 1003 asabsequentibns
528 930 680 1001 quibusque
700 925 822 999 ejusdem
836 925 944 996 generis
962 922 1048 993 pessi-
1098 926 1210 983 ellectus
1226 937 1268 983 est
1286 929 1380 985 doctor
1401 932 1521 1000 gentium
1542 940 1570 987 et
1583 934 1771 1002 praedicatum
1798 943 1825 989 et
1840 935 1889 991 loo

255 1026 308 1081 mis
329 1024 437 1094 regibus
457 1021 591 1077 idolorum
613 1017 908 1089 sordibnseaaterisque
923 1015 1048 1087 flagitiis,
1099 1034 1159 1089 quae
1181 1020 1285 1091 pridem
1313 1019 1421 1078 inerant
1445 1023 1547 1079 diuinis
1570 1022 1693 1080 cultibus
1719 1024 1887 1094 mancipata,

255 1116 324 1187 proli
348 1114 438 1171 dolor!
457 1113 639 1184 inquinatum,
655 1119 683 1166 et
697 1111 743 1166 ubi
769 1108 899 1164 [lominus
923 1114 1051 1165 sanctua·
1098 1121 1192 1180 postea
1207 1110 1336 1169 luerinta
1353 1114 1480 1183 gentibus
1489 1113 1650 1184 protanam
1664 1124 1697 1172 et
1710 1116 1834 1186 explosis
1844 1117 1889 1186 plo

255 1206 324 1259 rium
343 1220 420 1259 snun
434 1213 462 1258 et
476 1203 564 1259 locunt
585 1200 760 1257 habitationis
776 1199 868 1270 gloriae
880 1214 936 1253 snae
949 1195 1051 1253 consti·
1100 1218 1214 1271 rumque
1227 1201 1463 1270 profanationibus
1477 1205 1535 1261 loca
1547 1220 1609 1276 quaa
1624 1207 1738 1276 impura
1753 1207 1888 1265 mbas

256 1304 359 1362 tuerat,
381 1295 520 1349 blanasses
537 1309 584 1347 rex
601 1292 742 1347 duodecim
755 1292 839 1362 sign‘s
855 1290 983 1359 omnique
999 1291 1051 1345 mi·
1100 1299 1153 1353 tur,
1174 1292 1272 1347 diuinis
1285 1294 1456 1362 postmodum
1473 1295 1591 1353 cultibus
1603 1296 1814 1365 mancipemur.
1825 1298 1888 1353 luso-

255 1385 319 1443 titia
330 1386 390 1443 cmii
405 1401 469 1440 aras
488 1384 584 1439 erexit.
609 1383 673 1437 Post
696 1383 922 1437 restaurationem
942 1398 1051 1452 ortoque
1101 1383 1164 1437 lenti
1176 1392 1306 1451 praeteret
1316 1384 1451 1444 desiderio
1461 1394 1518 1443 mm
1533 1387 1578 1443 isti
1590 1404 1675 1457 quam
1689 1403 1792 1444 eornm
1805 1389 1889 1458 prode

256 1477 297 1531 sui
324 1484 353 1530 et
377 1474 469 1545 bggaei
496 1473 553 1529 sire
577 1471 716 1527 Zacharia
734 1470 905 1541 prophetiam
928 1470 1050 1527 eamdem
1101 1488 1223 1529 cessores
1248 1475 1380 1545 synodum
1401 1477 1524 1534 anrbinnt
1539 1480 1888 1551 agitareearnqneserre·

256 1567 518 1637 quoqnedornnma
543 1564 701 1621 Graecorum
717 1564 825 1634 regibus
839 1563 1052 1633 legimntluisse
1100 1565 1267 1623 nerabilibus
1295 1567 1405 1637 synodis
1431 1584 1492 1637 quoe
1513 1585 1565 1639 pro
1581 1572 1752 1640 quibusdam
1775 1571 1888 1629 Ecclesia

257 1654 439 1725 profanatam,
454 1653 731 1722 necoperpetrandis
742 1654 823 1709 rebus
836 1653 1052 1708 illicitisillarum
1102 1654 1264 1711 utilitatibus
1286 1657 1400 1713 dirersis
1422 1661 1608 1730 temporibus,
1636 1662 1686 1730 sed
1715 1676 1773 1717 non
1795 1662 1887 1717 diuersa

258 1755 368 1801 astatum
386 1745 510 1800 homines
527 1744 577 1799 loci
593 1744 759 1813 compescuit
783 1743 955 1807 reuerentia,
984 1759 1051 1812 quo-
1067 1733 1289 1802 Budensanetts
1302 1748 1368 1803 viris
1379 1749 1486 1818 aginam
1495 1759 1559 1805 sunt
1570 1752 1720 1813 associare,
1740 1758 1770 1805 et
1781 1751 1887 1821 septime

259 1852 319 1892 rum
347 1844 450 1892 mentes
474 1836 670 1891 diabolicarum
699 1834 888 1888 illecebrarum
920 1834 1052 1887 iniecerat
1102 1836 1197 1906 synodi
1213 1839 1536 1907 noncrrpotinnecenseri.
1550 1841 1616 1897 Nam
1631 1842 1698 1897 dnm
1713 1850 1744 1897 et
1759 1841 1835 1896 illiot
1851 1840 1886 1896 itti

258 1927 371 1985 saeritia.
389 1924 543 1981 ludaeorum
564 1940 661 1995 nernpe
685 1932 801 1979 cateruae
817 1940 877 1994 qum
892 1927 1051 1983 meritorum
1101 1929 1193 1985 iubae
1207 1943 1239 1984 ro
1258 1931 1409 2001 importune
1426 1934 1571 1988 credantur
1592 1933 1732 1998 inbiasse,
1753 1948 1839 2003 neque
1854 1932 1886 1987 illi

258 2019 409 2089 insignibus
421 2024 546 2072 carentes
560 2016 652 2085 templi
667 2015 836 2070 solummodo
849 2031 878 2070 se
900 2015 1050 2075 munitione
1102 2034 1189 2091 neque
1206 2021 1252 2076 isti
1264 2022 1336 2078 banc
1350 2023 1384 2080 ad
1400 2038 1456 2078 suae
1473 2024 1630 2079 ambitionis
1651 2020 1786 2080 ellectum
1802 2024 1882 2078 saloe-

259 2111 328 2164 tneri
343 2110 565 2174 arbitrabantur,
592 2109 635 2165 bis
651 2123 701 2177 per
723 2105 867 2163 leremiarn
891 2124 907 2163 a
938 2108 1053 2164 bomirm
1102 2117 1165 2163 rnnt
1175 2111 1333 2179 perducere.
1348 2110 1495 2182 Cupientes
1511 2128 1576 2182 ergo
1589 2114 1663 2169 illam
1682 2129 1747 2184 qum
1761 2114 1794 2168 ab
1805 2127 1885 2168 eoram

258 2200 348 2257 uerbis
359 2206 509 2271 arguuntur
523 2215 531 2253 :
547 2196 645 2259 Nolite,
663 2197 762 2269 inquit,
780 2196 911 2266 confidere
924 2199 952 2250 in
966 2198 1051 2253 nerto
1101 2198 1340 2267 prodecessoribus
1353 2201 1461 2257 incaute
1478 2212 1505 2258 et
1517 2203 1665 2259 enormiter
1688 2212 1768 2275 gesta
1779 2214 1818 2259 est
1829 2203 1883 2257 abo

259 2291 400 2357 mendacii,
413 2290 551 2345 dicentes:
568 2287 702 2359 Tnoplont
717 2287 840 2349 bomini,
861 2287 986 2358 templum
1000 2287 1053 2345 on-
1103 2288 1168 2354 lere,
1182 2297 1210 2344 et
1222 2306 1298 2348 mam
1309 2306 1369 2362 quae
1383 2293 1472 2363 inepte
1487 2303 1515 2349 ct
1526 2294 1622 2350 stolide
1634 2294 1813 2350 nibilominus
1822 2300 1884 2363 gestu

259 2384 324 2437 otini
336 2423 344 2449 ,
358 2382 483 2452 tempium
502 2381 608 2441 bomini
623 2389 684 2446 est,
705 2390 733 2435 et
749 2390 847 2436 cetera
864 2380 973 2450 (larem.
990 2380 1051 2451 nn).
1103 2387 1146 2437 est
1158 2388 1296 2445 statuere,
1312 2384 1469 2454 paradigma
1480 2384 1619 2454 cniusdam
1635 2386 1768 2442 retulere.
1785 2383 1832 2451 Qui
1844 2396 1881 2437 ser

261 2472 290 2527 Si
303 2486 369 2543 ergo
389 2473 498 2529 adonai
510 2472 677 2527 Testamenti
691 2482 812 2545 tempora
824 2473 973 2538 veniamus,
994 2488 1054 2533 eas·
1101 2473 1195 2527 aureis
1206 2474 1325 2528 numanis
1336 2474 1480 2544 septimum
1495 2476 1589 2532 volens
1601 2476 1753 2539 associare,
1772 2476 1832 2529 dam
1842 2472 1882 2527 ad-

168 2596 171 2603 ·
261 2565 321 2621 dero
337 2579 445 2634 qunque
461 2572 618 2621 sanctorum
634 2565 754 2620 locorum
768 2581 783 2620 a
795 2566 888 2634 prauis
899 2564 1054 2619 horninibus
1104 2565 1212 2621 mittere
1222 2566 1297 2619 nisus
1309 2573 1351 2621 est
1363 2582 1490 2631 aureum,
1515 2581 1615 2623 ereum
1632 2568 1694 2624 loco
1705 2567 1782 2622 aurei
1800 2565 1881 2620 dieitur

261 2654 464 2727 profanationes
481 2665 654 2727 perpetratas
676 2657 760 2712 luisse
780 2659 968 2726 reperiemus,
991 2670 1055 2715 eun
1103 2655 1325 2726 admisisse;tyno
1332 2657 1376 2712 isti
1391 2658 1503 2728 expulso
1516 2674 1628 2714 aureum
1640 2660 1734 2714 aureis
1743 2673 1774 2713 se
1783 2655 1881 2727 glorta

262 2749 388 2805 ridolicet
399 2750 427 2807 in
437 2751 526 2806 crucis
537 2766 602 2819 mpc
617 2752 674 2806 siro
685 2752 713 2805 in
723 2751 782 2805 loeo
793 2749 1001 2806 resurrectionis
1011 2750 1054 2807 rel
1104 2755 1149 2802 tur
1163 2749 1326 2813 associasse;
1340 2749 1386 2818 qui
1403 2750 1427 2804 si
1444 2750 1587 2821 diligenter
1603 2751 1749 2805 arivertant
1762 2747 1822 2803 dour
1839 2744 1880 2800 nisi

261 2840 343 2895 ctiam
368 2841 397 2896 in
418 2857 500 2911 speon
517 2842 691 2909 betheleem,
713 2843 759 2898 nbi
784 2843 914 2898 Dominus
928 2843 1056 2912 parvulus
1105 2838 1242 2894 suntiono
1260 2841 1322 2895 aerei
1336 2842 1459 2911 ingerere
1472 2858 1593 2905 anrenm,
1609 2842 1737 2898 iotrdisse
1753 2841 1880 2896 oednnm

264 2932 357 3001 vagiit,
376 2933 447 2987 idola
468 2934 555 3003 posita
569 2932 653 2990 luisse
664 2949 680 2988 a
693 2934 840 3005 gentilibus
849 2935 1054 3004 perhibeantur.
1104 2939 1262 2995 manreum,
1277 2940 1304 2987 ot
1316 2934 1460 3003 septimum
1471 2934 1567 3005 synodi
1582 2950 1728 2991 numerum
1746 2945 1878 3003 nuemprn

262 3022 309 3077 Ait
321 3024 393 3079 eninr
410 3025 506 3080 beatus
517 3025 697 3096 Hieronymus
712 3043 720 3080 ε
738 3044 748 3076 r
768 3026 811 3082 tn
822 3025 934 3081 Adriani
952 3035 1056 3096 tempn-
1069 3072 1091 3137 C
1106 3020 1264 3078 decessores
1274 3038 1368 3078 eornm
1378 3038 1453 3080 anea
1470 3025 1574 3095 synodo
1588 3023 1735 3079 noluerunt
1752 3019 1878 3088 completo.

265 3112 340 3168 ribus
354 3129 440 3183 usque
455 3116 488 3170 ad
499 3116 643 3185 imperium
653 3116 822 3175 Constantini
837 3133 886 3187 per
900 3134 986 3174 annos
999 3120 1055 3174 cir·
1108 3120 1218 3168 stannea
1241 3113 1285 3167 isti
1300 3113 1475 3171 nihilominus
1486 3115 1589 3185 synodo
1603 3113 1740 3185 applicata
1754 3112 1879 3168 moliamur

265 3203 448 3272 citaretur,
472 3206 500 3261 in
520 3207 579 3262 loco
599 3210 807 3265 resurrectionis
826 3210 999 3265 simulacrum
1011 3212 1057 3267 lo·
1105 3204 1261 3272 adimplere,
1284 3205 1332 3259 ⁸0st
1351 3206 1458 3275 fflpulw
1476 3220 1493 3260 ἃ
1509 3205 1618 3274 Wlffli
1639 3206 1748 3261 numeri
1765 3197 1876 3286 ,mim

265 3294 316 3361 uis,
340 3295 368 3350 in
384 3297 474 3353 erucis
497 3314 564 3368 rupe
579 3286 669 3354 statua
694 3316 728 3355 ex
752 3316 886 3355 marmore
908 3303 1019 3357 Veneris
1041 3316 1057 3357 a
1106 3315 1217 3356 nummo
1229 3315 1315 3365 oreo,
1331 3301 1426 3356 abacto
1438 3315 1544 3370 qnayne
1562 3308 1691 3365 stanneo,
1716 3298 1765 3355 soli
1779 3300 1876 3351 unium

265 3389 410 3458 gentilibus
425 3390 513 3458 posita
537 3391 686 3455 colebatur,
701 3393 919 3449 existimantibus
932 3410 1057 3465 persecu-
1104 3390 1243 3444 modostx
1258 3390 1455 3454 mansioni,
1475 3405 1543 3460 (1⁰⁰⁸
1557 3397 1584 3444 tl
1599 3392 1705 3445 numeri
1720 3385 1874 3460 Ρθῐΐθῦῑῑθθῑ

265 3483 348 3538 tionis
362 3483 516 3539 auctoribus
539 3485 611 3554 qnod
628 3485 752 3541 tollerent
771 3487 849 3542 nobis
871 3485 951 3542 fldem
966 3504 1057 3542 resun-
1106 3479 1195 3550 lulgor
1205 3480 1347 3536 catholica
1358 3481 1518 3537 ertrditinnls
1532 3481 1659 3543 illustrat,
1677 3481 1706 3535 in
1721 3473 1874 3550 guihosditt

266 3573 396 3629 rectionis
409 3576 544 3642 eterncis,
559 3575 581 3630 si
596 3576 655 3631 loen
677 3586 771 3633 sancta
793 3593 843 3648 per
861 3577 931 3633 idola
946 3580 1057 3649 polluis-
1106 3572 1167 3628 fidei
1180 3574 1297 3641 puritate
1305 3572 1481 3641 purissimum
1490 3588 1587 3627 tutum
1599 3571 1873 3635 mnlat,etinnrtutett

265 3671 336 3719 sent.
352 3662 489 3718 Bethleem
503 3680 575 3720 nono
593 3672 714 3720 nostram
734 3674 763 3721 et
776 3667 996 3737 augustissimum
1010 3685 1057 3723 ur·
1104 3661 1281 3732 perfectionis
1300 3661 1386 3733 gloria
1400 3671 1515 3732 regnat:
1529 3662 1657 3732 qrrnniam
1674 3661 1702 3716 in
1718 3658 1819 3717 senario
1833 3666 1873 3707 Μ·

264 3753 308 3810 bis
318 3753 405 3810 locum
415 3794 424 3814 ,
436 3755 470 3809 do
482 3771 536 3825 qno
552 3755 693 3811 Psalmista
705 3758 777 3813 caruit
790 3772 798 3810 ε
819 3756 920 3812 Veritus
940 3758 972 3813 de
984 3768 1055 3812 terra
1105 3767 1191 3816 mero,
1208 3752 1254 3820 gui
1269 3751 1362 3821 ntique
1380 3750 1517 3821 perlectus
1528 3758 1585 3817 est,
1598 3749 1789 3820 perlectionem
1800 3738 1873 3801 bolo

264 3854 323 3898 orto
334 3854 381 3908 est,
401 3845 478 3900 lucos
500 3846 670 3901 inumbrabat
688 3846 799 3912 Tarnuz,
814 3848 839 3902 id
850 3856 901 3912 est,
913 3848 1054 3915 Adonidis,
1104 3841 1222 3897 tlaslltae
1232 3841 1431 3910 ptaeditallottis
1446 3841 1546 3897 habere
1558 3841 1693 3905 videnlur.
1713 3849 1743 3895 ot
1757 3838 1783 3893 1¹¹
1794 3831 1871 3888 “lm

263 3943 292 3989 rt
304 3934 330 3989 iu
353 3951 434 4005 apem
446 3937 493 3992 nbi
516 3936 640 3992 Christus
660 3940 795 4008 qrrondam
811 3940 938 4009 paruolus
960 3941 1053 4010 vagiit,
1104 3931 1176 4001 quod
1188 3940 1231 3987 est
1251 3930 1310 4000 cius
1323 3931 1468 3994 medietas,
1488 3939 1589 3986 sanotae
1603 3929 1746 3986 Trinitatis
1761 3917 1871 3983 molestia

264 4024 378 4079 Veneris
392 4027 513 4083 amadus
535 4027 722 4099 plangebatur.
744 4050 754 4081 r
777 4028 805 4084 Si
824 4046 888 4101 ergo
906 4032 1056 4088 nativitatis
1103 4024 1266 4092 declaretur,
1279 4024 1427 4088 indoobua
1443 4025 1565 4094 qutdttl
1576 4022 1635 4092 ejus
1650 4024 1808 4092 ῑθῑῑὶψῦ»
1819 4013 1872 4068 ⁶⁰¹*

263 4114 363 4171 Cbristi
377 4118 466 4174 loorm
478 4120 609 4175 Adonidis
622 4122 698 4176 lucus
712 4123 800 4191 potuit
812 4123 973 4193 inquinare,
989 4125 1054 4193 quid
1105 4130 1164 4169 mm
1179 4121 1401 4170 testamentorum
1420 4115 1477 4171 stre
1492 4116 1607 4170 duorum
1621 4113 1796 4172 lllffllffl'um·
1810 4098 1871 4159 Μ’

214 4271 222 4286 ,
264 4207 364 4263 mirum
376 4208 400 4263 si
411 4216 512 4265 metro
520 4212 616 4281 synodi
627 4212 715 4265 locum
725 4227 859 4282 perversae
869 4216 1055 4269 murentionis
1104 4206 1191 4261 lectus
1199 4205 1326 4261 titlolicct
1337 4215 1365 4261 et
1376 4205 1542 4275 operationis
1552 4219 1650 4260 munus
1660 4218 1676 4258 a
1688 4210 1781 4258 moda
1794 4190 1870 4252 enni

264 4301 343 4355 turbo
356 4302 545 4369 potuitadres
560 4302 670 4358 illicitas
680 4305 837 4359 statuendas
851 4306 1003 4373 usurpare?
1021 4305 1055 4359 tn
1103 4312 1136 4353 08
1159 4297 1291 4352 Ttlnlltle
1314 4310 1475 4353 mimum
1500 4297 1644 4363 tannacum
1673 4293 1797 4365 Wffllfl
1820 4295 1868 4341 ‘¹⁹⁰⁸

262 4391 285 4446 si
298 4391 429 4447 datan-te
444 4394 545 4448 moritis
562 4394 662 4459 locum,
685 4411 766 4464 noem
778 4395 903 4451 Christus
915 4397 949 4451 ad
964 4397 1053 4452 amois
1069 4392 1177 4491 ¹>synod
1189 4399 1231 4447 est
1246 4398 1325 4446 sexta
1347 4390 1407 4458 eins
1420 4404 1493 4459 pars,
1516 4390 1575 4444 sire
1586 4388 1687 4444 ueteris
1695 4384 1807 4444 bominis
1817 4390 1869 4434 ott·

263 4489 395 4549 troprenm
419 4497 536 4552 pergens
561 4483 679 4553 glorioso
698 4484 765 4539 calle
784 4485 908 4549 calcarit,
928 4500 943 4539 a
967 4487 1054 4554 genti·
1104 4483 1181 4547 ditio,
1197 4482 1244 4552 qni
1262 4490 1342 4537 sesto
1360 4479 1549 4537 dielormatut
1565 4488 1622 4546 est,
1637 4479 1696 4536 siro
1711 4478 1771 4536 nori
1786 4481 1869 4529 msam

263 4571 335 4625 bbus
347 4573 463 4639 positura
480 4573 594 4628 Veneris
609 4574 781 4629 sinrnlaomm
796 4574 917 4641 loedauit,
931 4578 995 4645 qnid
1006 4577 1054 4631 nri·
1103 4572 1170 4642 ptio,
1184 4585 1265 4641 quern
1279 4586 1329 4641 pro
1340 4571 1426 4627 salute
1439 4571 1531 4627 mundi
1544 4579 1621 4626 setta
1633 4578 1714 4626 aetate
1726 4563 1808 4625 saculi
1820 4554 1867 4613 filii

264 4676 324 4716 rom
353 4660 376 4715 si
395 4660 484 4716 locum
508 4678 589 4733 quem
614 4666 751 4733 qurtndam
773 4674 928 4720 sanctornm
942 4666 1052 4721 Potrurn
1103 4678 1218 4733 persona
1229 4663 1357 4736 suscepit,
1366 4663 1782 4722 erinentssineoonenstratar.
1794 4654 1868 4718 ganne

263 4750 378 4820 insignis
390 4760 498 4806 caterua
512 4752 546 4807 ad
558 4752 638 4808 idem
649 4755 810 4810 catholicam
822 4755 1001 4811 roborandam
1012 4757 1054 4811 in-
1104 4753 1132 4808 in
1149 4753 1251 4808 bissex
1272 4752 1463 4808 sacratissimis
1477 4752 1587 4823 synodis
1597 4761 1625 4807 et
1641 4759 1742 4807 sonmo
1752 4736 1866 4804 inuitati!

262 4841 343 4907 sedit,
359 4843 470 4899 demens
479 4852 573 4915 postea
583 4846 754 4901 sacerdotnm
767 4847 910 4903 multitado
923 4849 957 4902 ad
970 4862 1054 4905 nouas
1103 4838 1262 4911 mysterium
1285 4841 1460 4912 praedicatur,
1479 4849 1507 4896 et
1533 4841 1649 4896 dunnmr
1669 4838 1865 4896 testamcuttffl¹¹

262 4940 290 4989 et
299 4930 429 4988 Ecclesiae
438 4933 590 4989 contrarias
603 4934 810 4992 constitutiones
827 4937 992 4993 roborandas
1007 4953 1054 5008 ap
1104 4931 1280 4987 consonantia
1290 4930 1332 4987 tel
1344 4930 1499 4985 intellectas
1510 4938 1539 4985 et
1550 4930 1715 4999 operationis
1728 4936 1814 4983 munos
1826 4918 1863 4971 h*

263 5027 358 5100 petiit?
375 5026 409 5082 Et
421 5026 445 5080 si
459 5026 548 5082 lotnrn
563 5029 768 5085 resurrectionis
781 5045 862 5100 quem
874 5029 999 5086 Christus
1011 5046 1055 5088 re-
1103 5022 1184 5078 betor
1199 5029 1228 5077 et
1241 5022 1387 5078 Dominiee
1397 5021 1593 5077 incarnationis
1613 5036 1664 5090 pro
1674 5021 1785 5075 baimam
1795 5007 1862 5066 saluto

262 5116 397 5186 surgendo
427 5118 617 5189 angelicosque
652 5129 740 5175 emtus
773 5120 932 5175 mortalibus
964 5127 1055 5175 osten-
1105 5110 1172 5165 fidit
1183 5108 1658 5179 beldssfflllll1lilll¹¹l²¹¹l¹¹l¹b⁰mm
1679 5108 1731 5163 Μὴ
1742 5107 1818 5162 Μ·
1831 5104 1861 5145 ’⁰‘

262 5206 351 5263 dendo
374 5207 486 5273 dicarit,
512 5205 587 5262 loris
608 5208 783 5263 simulacmrn
806 5208 969 5279 promuerit,
990 5209 1056 5278 qnid
1104 5198 1173 5254 wli
1193 5199 1297 5255 ”umbri
1315 5198 1659 5267 beflffillssssfflfllfflltl'·
1677 5196 1736 5253 Μ
1750 5180 1862 5253 ΜΨ*
1958 5250 1959 5275 ,

263 5297 363 5355 mirum
374 5296 398 5351 si
408 5298 556 5367 imaginum
567 5298 688 5353 adoratio
701 5314 715 5352 a
728 5299 897 5356 dementibus
905 5301 1056 5372 quibusque
1105 5301 1159 5347 itm
1178 5290 1287 5346 ardenti
1300 5290 1432 5349 desiderio
1449 5305 1527 5345 ⁸⁰²⁸*
1549 5291 1681 5360 ⁹5²⁰&ss
1698 5282 1803 5355 ”nillil
1816 5286 1860 5343 *Ψ

265 5386 290 5441 tn
304 5390 399 5443 eonem
416 5390 453 5444 nr
466 5397 567 5445 sarna
585 5390 653 5445 urus
667 5389 805 5460 anonyme,
819 5391 846 5445 n
862 5407 916 5459 qua
931 5389 1056 5447 orestus
1103 5383 1165 5440 oris
1176 5381 1427 5451 contuitionem
1450 5380 1579 5436 aenean
1591 5378 1760 5449 megaron
1770 5368 1860 5460 *ΜΨ

266 5479 564 5547 pridomarenerandis
576 5480 737 5550 presulibus
747 5484 909 5551 predicatus
921 5492 963 5538 est
974 5484 1056 5539 urrins
1104 5476 1211 5530 amdam
1239 5474 1449 5530 Mlfflissfflsslffl
1472 5473 1576 5544 ‘W
1606 5479 1689 5541 lt<1¹⁸⁶
1716 5463 1858 5525 mmmm

266 5583 327 5621 cum
342 5568 424 5624 Patro
440 5584 499 5625 esse
515 5571 691 5626 substantiae?
711 5570 760 5626 llis
780 5572 871 5641 itaqne
888 5572 1055 5630 documentis
1104 5575 1206 5637 boleti·
1223 5564 1349 5636 quoniam
1370 5564 1482 5623 siculis
1499 5563 1545 5620 lllt
1558 5562 1684 5636 lamoisio
1696 5553 1814 5618 ennlottlt
1825 5543 1860 5599 θ’

267 5666 355 5728 putcst
373 5661 512 5728 approbari
528 5663 598 5729 synod
611 5677 664 5717 oon
676 5663 822 5717 mestorium
836 5661 942 5717 illomm
952 5660 1057 5730 jactan-
1105 5659 1210 5715 deutur
1222 5698 1228 5722 ,
1246 5658 1283 5713 ita
1294 5657 1323 5713 in
1334 5657 1385 5714 ista
1396 5657 1480 5716 solius
1491 5656 1538 5713 nei
1552 5655 1670 5713 oolterea
1680 5663 1710 5712 ot
1720 5652 1774 5710 tal
1786 5643 1856 5731 llll*
