<?xml version="1.0" encoding="UTF-8"?>
<!DOCTYPE html PUBLIC "-//W3C//DTD XHTML 1.0 Transitional//EN"
    "http://www.w3.org/TR/xhtml1/DTD/xhtml1-transitional.dtd">
<html xmlns="http://www.w3.org/1999/xhtml" xml:lang="en" lang="en">
 <head>
  <title>
</title>
<meta http-equiv="Content-Type" content="text/html;charset=utf-8" />
  <meta name='ocr-system' content='tesseract 3.04.00' />
  <meta name='ocr-capabilities' content='ocr_page ocr_carea ocr_par ocr_line ocrx_word'/>
</head>
<body>
  <div class='ocr_page' id='page_1' title='image "./patrologiaecurs136unkngoog/patrologiaecurs136unkngoog_0665.png"; bbox 0 0 4050 6192; ppageno 0'>
   <div class='ocr_carea' id='block_1_1' title="bbox 154 215 219 268">
    <p class='ocr_par' dir='ltr' id='par_1_1' title="bbox 154 215 219 268">
     <span class='ocr_line' id='line_1_1' title="bbox 154 215 219 268; baseline 0.031 -2"><span class='ocrx_word' id='word_1_1' title='bbox 154 215 219 268; x_wconf 66' lang='lat'>[115</span> 
     </span>
    </p>
   </div>
   <div class='ocr_carea' id='block_1_2' title="bbox 505 207 1406 266">
    <p class='ocr_par' dir='ltr' id='par_1_2' title="bbox 505 207 1406 266">
     <span class='ocr_line' id='line_1_2' title="bbox 505 207 1406 266; baseline 0.003 -3"><span class='ocrx_word' id='word_1_2' title='bbox 505 211 592 263; x_wconf 81' lang='lat' dir='ltr'>ttttttt</span> <span class='ocrx_word' id='word_1_3' title='bbox 611 209 780 265; x_wconf 70' lang='lat' dir='ltr'>callottxl.</span> <span class='ocrx_word' id='word_1_4' title='bbox 796 239 830 248; x_wconf 77' lang='lat'>-</span> <span class='ocrx_word' id='word_1_5' title='bbox 843 207 995 264; x_wconf 30' lang='lat' dir='ltr'>vertisse.</span> <span class='ocrx_word' id='word_1_6' title='bbox 1016 238 1050 248; x_wconf 89' lang='lat'>—-</span> <span class='ocrx_word' id='word_1_7' title='bbox 1069 207 1278 265; x_wconf 71' lang='lat' dir='ltr'>coartatos</span> <span class='ocrx_word' id='word_1_8' title='bbox 1296 209 1406 266; x_wconf 68' lang='lat' dir='ltr'>tants„</span> 
     </span>
    </p>
   </div>
   <div class='ocr_carea' id='block_1_3' title="bbox 1692 211 1774 280">
    <p class='ocr_par' dir='ltr' id='par_1_3' title="bbox 1692 211 1774 280">
     <span class='ocr_line' id='line_1_3' title="bbox 1692 211 1774 280; baseline 0 -12"><span class='ocrx_word' id='word_1_9' title='bbox 1692 211 1774 280; x_wconf 72' lang='lat' dir='ltr'>¹lr&#39;rli</span> 
     </span>
    </p>
   </div>
   <div class='ocr_carea' id='block_1_4' title="bbox 185 291 1776 392">
    <p class='ocr_par' dir='ltr' id='par_1_4' title="bbox 185 291 1776 392">
     <span class='ocr_line' id='line_1_4' title="bbox 185 291 1776 392; baseline -0.001 -15"><span class='ocrx_word' id='word_1_10' title='bbox 185 324 250 378; x_wconf 87' lang='lat' dir='ltr'>item</span> <span class='ocrx_word' id='word_1_11' title='bbox 264 322 320 391; x_wconf 86' lang='lat' dir='ltr'>ipse</span> <span class='ocrx_word' id='word_1_12' title='bbox 335 319 442 376; x_wconf 89' lang='lat' dir='ltr'>inlibm</span> <span class='ocrx_word' id='word_1_13' title='bbox 456 334 503 373; x_wconf 89' lang='lat' dir='ltr'>vnr</span> <span class='ocrx_word' id='word_1_14' title='bbox 517 291 678 374; x_wconf 81' lang='lat' dir='ltr'>decivitate</span> <span class='ocrx_word' id='word_1_15' title='bbox 693 320 760 374; x_wconf 80' lang='lat' dir='ltr'>liei:</span> <span class='ocrx_word' id='word_1_16' title='bbox 779 337 788 370; x_wconf 89' lang='lat' dir='ltr'>r</span> <span class='ocrx_word' id='word_1_17' title='bbox 804 319 875 374; x_wconf 90' lang='lat' dir='ltr'>Sane</span> <span class='ocrx_word' id='word_1_18' title='bbox 885 333 935 372; x_wconf 92' lang='lat' dir='ltr'>nee</span> <span class='ocrx_word' id='word_1_19' title='bbox 950 325 973 382; x_wconf 72' lang='grc' dir='ltr'>Α</span> <span class='ocrx_word' id='word_1_20' title='bbox 988 318 1153 372; x_wconf 75' lang='lat' dir='ltr'>Testamenti</span> <span class='ocrx_word' id='word_1_21' title='bbox 1169 335 1176 370; x_wconf 77' lang='grc' dir='ltr'><strong><em>ε</em></strong></span> <span class='ocrx_word' id='word_1_22' title='bbox 1195 335 1205 367; x_wconf 83' lang='grc' dir='ltr'><strong>ι</strong></span> <span class='ocrx_word' id='word_1_23' title='bbox 1220 318 1421 382; x_wconf 84' lang='lat' dir='ltr'>irrationabile,</span> <span class='ocrx_word' id='word_1_24' title='bbox 1438 318 1534 389; x_wconf 90' lang='lat' dir='ltr'>inquit,</span> <span class='ocrx_word' id='word_1_25' title='bbox 1550 320 1654 390; x_wconf 82' lang='lat' dir='ltr'>vulgus,</span> <span class='ocrx_word' id='word_1_26' title='bbox 1668 331 1714 376; x_wconf 82' lang='lat' dir='ltr'>tut</span> <span class='ocrx_word' id='word_1_27' title='bbox 1726 338 1776 392; x_wconf 84' lang='lat' dir='ltr'>ap·</span> 
     </span>
    </p>
   </div>
   <div class='ocr_carea' id='block_1_5' title="bbox 124 387 953 2890">
    <p class='ocr_par' dir='ltr' id='par_1_5' title="bbox 124 387 953 2890">
     <span class='ocr_line' id='line_1_5' title="bbox 147 387 935 459; baseline -0.01 -11"><span class='ocrx_word' id='word_1_28' title='bbox 147 392 316 448; x_wconf 55' lang='lat' dir='ltr'>‘maneribus</span> <span class='ocrx_word' id='word_1_29' title='bbox 340 391 447 459; x_wconf 85' lang='lat' dir='ltr'>templa.</span> <span class='ocrx_word' id='word_1_30' title='bbox 470 389 631 452; x_wconf 87' lang='lat' dir='ltr'>sacerdotia,</span> <span class='ocrx_word' id='word_1_31' title='bbox 655 405 731 443; x_wconf 89' lang='lat' dir='ltr'>saera</span> <span class='ocrx_word' id='word_1_32' title='bbox 749 398 776 443; x_wconf 85' lang='lat' dir='ltr'>et</span> <span class='ocrx_word' id='word_1_33' title='bbox 804 387 935 442; x_wconf 81' lang='lat' dir='ltr'>sterilleia</span> 
     </span>
     <span class='ocr_line' id='line_1_6' title="bbox 151 451 936 529; baseline -0.01 -11"><span class='ocrx_word' id='word_1_34' title='bbox 151 451 355 522; x_wconf 69' lang='lat' dir='ltr'>ronm&#39;ltuimns,</span> <span class='ocrx_word' id='word_1_35' title='bbox 375 459 501 526; x_wconf 87' lang='lat' dir='ltr'>quoniam</span> <span class='ocrx_word' id='word_1_36' title='bbox 525 464 577 511; x_wconf 88' lang='lat' dir='ltr'>rton</span> <span class='ocrx_word' id='word_1_37' title='bbox 602 458 662 529; x_wconf 86' lang='lat' dir='ltr'>ipsi,</span> <span class='ocrx_word' id='word_1_38' title='bbox 686 460 733 512; x_wconf 91' lang='lat' dir='ltr'>sed</span> <span class='ocrx_word' id='word_1_39' title='bbox 755 459 824 511; x_wconf 80' lang='lat' dir='ltr'>llevrs</span> <span class='ocrx_word' id='word_1_40' title='bbox 843 472 936 512; x_wconf 87' lang='lat' dir='ltr'>eornm</span> 
     </span>
     <span class='ocr_line' id='line_1_7' title="bbox 124 527 937 592; baseline -0.01 -6"><span class='ocrx_word' id='word_1_41' title='bbox 124 527 129 554; x_wconf 69' lang='lat'>¹</span> <span class='ocrx_word' id='word_1_42' title='bbox 151 530 230 586; x_wconf 89' lang='lat' dir='ltr'>nohis</span> <span class='ocrx_word' id='word_1_43' title='bbox 245 539 286 584; x_wconf 85' lang='lat' dir='ltr'>est</span> <span class='ocrx_word' id='word_1_44' title='bbox 300 529 388 592; x_wconf 76' lang='lat' dir='ltr'>Deus3</span> <span class='ocrx_word' id='word_1_45' title='bbox 406 528 568 582; x_wconf 79' lang='lat' dir='ltr'><strong>honoramus</strong></span> <span class='ocrx_word' id='word_1_46' title='bbox 591 542 655 582; x_wconf 88' lang='lat' dir='ltr'>sane</span> <span class='ocrx_word' id='word_1_47' title='bbox 679 529 824 581; x_wconf 87' lang='lat' dir='ltr'>memorias</span> <span class='ocrx_word' id='word_1_48' title='bbox 844 540 937 581; x_wconf 75' lang='lat' dir='ltr'>corvam</span> 
     </span>
     <span class='ocr_line' id='line_1_8' title="bbox 154 595 939 670; baseline -0.01 -15"><span class='ocrx_word' id='word_1_49' title='bbox 154 610 281 670; x_wconf 75' lang='lat' dir='ltr'><strong>tanquam</strong></span> <span class='ocrx_word' id='word_1_50' title='bbox 291 607 444 653; x_wconf 76' lang='lat' dir='ltr'>saeuorum</span> <span class='ocrx_word' id='word_1_51' title='bbox 455 596 593 651; x_wconf 88' lang='lat' dir='ltr'>bominum</span> <span class='ocrx_word' id='word_1_52' title='bbox 604 595 661 655; x_wconf 76' lang='lat' dir='ltr'>liei.</span> <span class='ocrx_word' id='word_1_53' title='bbox 669 597 714 666; x_wconf 90' lang='lat' dir='ltr'>qni</span> <span class='ocrx_word' id='word_1_54' title='bbox 727 611 811 665; x_wconf 89' lang='lat' dir='ltr'>nsque</span> <span class='ocrx_word' id='word_1_55' title='bbox 824 596 856 649; x_wconf 89' lang='lat' dir='ltr'>ad</span> <span class='ocrx_word' id='word_1_56' title='bbox 868 610 939 649; x_wconf 89' lang='lat' dir='ltr'>mor-</span> 
     </span>
     <span class='ocr_line' id='line_1_9' title="bbox 153 665 938 736; baseline -0.01 -11"><span class='ocrx_word' id='word_1_57' title='bbox 153 681 208 725; x_wconf 88' lang='lat' dir='ltr'>tem</span> <span class='ocrx_word' id='word_1_58' title='bbox 222 682 366 736; x_wconf 81' lang='lat' dir='ltr'>corporum</span> <span class='ocrx_word' id='word_1_59' title='bbox 378 681 487 720; x_wconf 87' lang='lat' dir='ltr'>suorum</span> <span class='ocrx_word' id='word_1_60' title='bbox 502 665 674 734; x_wconf 78' lang='lat' dir='ltr'>proteritate</span> <span class='ocrx_word' id='word_1_61' title='bbox 688 673 836 728; x_wconf 75' lang='lat' dir='ltr'>certarunt,</span> <span class='ocrx_word' id='word_1_62' title='bbox 853 673 882 716; x_wconf 90' lang='lat' dir='ltr'>ut</span> <span class='ocrx_word' id='word_1_63' title='bbox 896 666 938 719; x_wconf 90' lang='lat' dir='ltr'>in·</span> 
     </span>
     <span class='ocr_line' id='line_1_10' title="bbox 139 733 938 804; baseline -0.008 -11"><span class='ocrx_word' id='word_1_64' title='bbox 139 745 307 794; x_wconf 77' lang='lat' dir='ltr'>&#39;notesceret</span> <span class='ocrx_word' id='word_1_65' title='bbox 324 751 387 788; x_wconf 87' lang='lat' dir='ltr'>vera</span> <span class='ocrx_word' id='word_1_66' title='bbox 413 734 519 804; x_wconf 84' lang='lat' dir='ltr'>religio,</span> <span class='ocrx_word' id='word_1_67' title='bbox 547 733 620 787; x_wconf 80' lang='lat' dir='ltr'>salsis</span> <span class='ocrx_word' id='word_1_68' title='bbox 645 734 766 803; x_wconf 83' lang='lat' dir='ltr'>detisque</span> <span class='ocrx_word' id='word_1_69' title='bbox 792 733 938 794; x_wconf 85' lang='lat' dir='ltr'>cortrictis,</span> 
     </span>
     <span class='ocr_line' id='line_1_11' title="bbox 139 803 939 879; baseline -0.008 -17"><span class='ocrx_word' id='word_1_70' title='bbox 139 808 225 879; x_wconf 68' lang='lat' dir='ltr'>⁴qnod</span> <span class='ocrx_word' id='word_1_71' title='bbox 236 806 343 862; x_wconf 88' lang='lat' dir='ltr'>etiamsi</span> <span class='ocrx_word' id='word_1_72' title='bbox 357 805 402 873; x_wconf 92' lang='lat' dir='ltr'>qni</span> <span class='ocrx_word' id='word_1_73' title='bbox 422 815 500 857; x_wconf 88' lang='lat' dir='ltr'>autea</span> <span class='ocrx_word' id='word_1_74' title='bbox 512 804 664 856; x_wconf 72' lang='lat' dir='ltr'>sentiebant</span> <span class='ocrx_word' id='word_1_75' title='bbox 674 804 793 857; x_wconf 85' lang='lat' dir='ltr'>timerrdo</span> <span class='ocrx_word' id='word_1_76' title='bbox 808 803 939 872; x_wconf 87' lang='lat' dir='ltr'>reprime-</span> 
     </span>
     <span class='ocr_line' id='line_1_12' title="bbox 139 872 940 942; baseline -0.005 -11"><span class='ocrx_word' id='word_1_77' title='bbox 139 881 230 932; x_wconf 74' lang='lat' dir='ltr'>’lrant</span> <span class='ocrx_word' id='word_1_78' title='bbox 243 876 309 942; x_wconf 85' lang='lat' dir='ltr'>Quis</span> <span class='ocrx_word' id='word_1_79' title='bbox 323 885 413 928; x_wconf 90' lang='lat' dir='ltr'>antem</span> <span class='ocrx_word' id='word_1_80' title='bbox 428 872 530 926; x_wconf 84' lang='lat' dir='ltr'>audivit</span> <span class='ocrx_word' id='word_1_81' title='bbox 540 872 683 941; x_wconf 72' lang='lat' dir='ltr'>aliqnando</span> <span class='ocrx_word' id='word_1_82' title='bbox 695 872 810 927; x_wconf 86' lang='lat' dir='ltr'>lldrlium</span> <span class='ocrx_word' id='word_1_83' title='bbox 824 880 940 927; x_wconf 87' lang='lat' dir='ltr'>stantem</span> 
     </span>
     <span class='ocr_line' id='line_1_13' title="bbox 156 941 943 1012; baseline -0.009 -11"><span class='ocrx_word' id='word_1_84' title='bbox 156 949 321 1002; x_wconf 76' lang='lat' dir='ltr'>s·=.cerdotern</span> <span class='ocrx_word' id='word_1_85' title='bbox 337 945 369 997; x_wconf 91' lang='lat' dir='ltr'>ad</span> <span class='ocrx_word' id='word_1_86' title='bbox 394 944 489 1004; x_wconf 91' lang='lat' dir='ltr'>altare,</span> <span class='ocrx_word' id='word_1_87' title='bbox 507 949 533 994; x_wconf 92' lang='lat' dir='ltr'>et</span> <span class='ocrx_word' id='word_1_88' title='bbox 543 941 599 1008; x_wconf 82' lang='lat' dir='ltr'>jam</span> <span class='ocrx_word' id='word_1_89' title='bbox 614 956 696 1012; x_wconf 84' lang='lat' dir='ltr'>snper</span> <span class='ocrx_word' id='word_1_90' title='bbox 711 953 833 996; x_wconf 84' lang='lat' dir='ltr'>sarrrtntu</span> <span class='ocrx_word' id='word_1_91' title='bbox 845 955 943 1011; x_wconf 91' lang='lat' dir='ltr'>corpus</span> 
     </span>
     <span class='ocr_line' id='line_1_14' title="bbox 157 1010 942 1070; baseline -0.009 0"><span class='ocrx_word' id='word_1_92' title='bbox 157 1016 285 1070; x_wconf 81' lang='lat' dir='ltr'>marteris</span> <span class='ocrx_word' id='word_1_93' title='bbox 307 1013 340 1067; x_wconf 92' lang='lat' dir='ltr'>ad</span> <span class='ocrx_word' id='word_1_94' title='bbox 356 1011 403 1066; x_wconf 85' lang='lat' dir='ltr'>oei</span> <span class='ocrx_word' id='word_1_95' title='bbox 426 1013 555 1065; x_wconf 89' lang='lat' dir='ltr'>bonorem</span> <span class='ocrx_word' id='word_1_96' title='bbox 582 1010 681 1064; x_wconf 84' lang='lat' dir='ltr'>cultum</span> <span class='ocrx_word' id='word_1_97' title='bbox 702 1026 736 1065; x_wconf 92' lang='lat' dir='ltr'>ue</span> <span class='ocrx_word' id='word_1_98' title='bbox 759 1017 942 1065; x_wconf 85' lang='lat' dir='ltr'>constructum</span> 
     </span>
     <span class='ocr_line' id='line_1_15' title="bbox 158 1026 942 1151; baseline -0.01 -12"><span class='ocrx_word' id='word_1_99' title='bbox 158 1073 246 1140; x_wconf 77' lang='lat' dir='ltr'>dicere</span> <span class='ocrx_word' id='word_1_100' title='bbox 259 1084 286 1138; x_wconf 89' lang='lat' dir='ltr'>in</span> <span class='ocrx_word' id='word_1_101' title='bbox 299 1082 424 1151; x_wconf 86' lang='lat' dir='ltr'>precibus</span> <span class='ocrx_word' id='word_1_102' title='bbox 437 1097 444 1133; x_wconf 90' lang='lat'><strong>:</strong></span> <span class='ocrx_word' id='word_1_103' title='bbox 461 1079 550 1135; x_wconf 80' lang='lat' dir='ltr'>Odere</span> <span class='ocrx_word' id='word_1_104' title='bbox 560 1079 607 1134; x_wconf 91' lang='lat' dir='ltr'>tihi</span> <span class='ocrx_word' id='word_1_105' title='bbox 620 1026 792 1145; x_wconf 81' lang='lat' dir='ltr'>saerllleiam,</span> <span class='ocrx_word' id='word_1_106' title='bbox 803 1078 893 1144; x_wconf 81' lang='lat' dir='ltr'>Putre,</span> <span class='ocrx_word' id='word_1_107' title='bbox 902 1079 942 1131; x_wconf 83' lang='lat' dir='ltr'>rel</span> 
     </span>
     <span class='ocr_line' id='line_1_16' title="bbox 157 1149 945 1221; baseline -0.01 -11"><span class='ocrx_word' id='word_1_108' title='bbox 157 1154 248 1210; x_wconf 87' lang='lat' dir='ltr'>l‘..ule.</span> <span class='ocrx_word' id='word_1_109' title='bbox 261 1154 302 1207; x_wconf 86' lang='lat' dir='ltr'>rel</span> <span class='ocrx_word' id='word_1_110' title='bbox 316 1152 459 1221; x_wconf 79' lang='lat' dir='ltr'>Cypriane,</span> <span class='ocrx_word' id='word_1_111' title='bbox 469 1164 529 1204; x_wconf 88' lang='lat' dir='ltr'>eum</span> <span class='ocrx_word' id='word_1_112' title='bbox 542 1151 611 1219; x_wconf 88' lang='lat' dir='ltr'>apud</span> <span class='ocrx_word' id='word_1_113' title='bbox 623 1165 716 1203; x_wconf 87' lang='lat' dir='ltr'>eorum</span> <span class='ocrx_word' id='word_1_114' title='bbox 728 1150 873 1204; x_wconf 80' lang='lat' dir='ltr'>memorias</span> <span class='ocrx_word' id='word_1_115' title='bbox 882 1149 945 1203; x_wconf 84' lang='lat' dir='ltr'>olle-</span> 
     </span>
     <span class='ocr_line' id='line_1_17' title="bbox 140 1217 945 1290; baseline -0.009 -11"><span class='ocrx_word' id='word_1_116' title='bbox 140 1245 143 1252; x_wconf 91' lang='lat'><strong>·</strong></span> <span class='ocrx_word' id='word_1_117' title='bbox 159 1234 236 1278; x_wconf 90' lang='lat' dir='ltr'>ratur</span> <span class='ocrx_word' id='word_1_118' title='bbox 248 1224 311 1284; x_wconf 85' lang='lat' dir='ltr'>beo,</span> <span class='ocrx_word' id='word_1_119' title='bbox 336 1220 382 1289; x_wconf 85' lang='lat' dir='ltr'>qul</span> <span class='ocrx_word' id='word_1_120' title='bbox 398 1235 444 1275; x_wconf 83' lang='lat' dir='ltr'>eos</span> <span class='ocrx_word' id='word_1_121' title='bbox 458 1228 485 1273; x_wconf 92' lang='lat' dir='ltr'>et</span> <span class='ocrx_word' id='word_1_122' title='bbox 503 1220 624 1273; x_wconf 77' lang='lat' dir='ltr'>horiones</span> <span class='ocrx_word' id='word_1_123' title='bbox 641 1228 668 1272; x_wconf 89' lang='lat' dir='ltr'>et</span> <span class='ocrx_word' id='word_1_124' title='bbox 682 1230 815 1290; x_wconf 68' lang='lat' dir='ltr'>martyres</span> <span class='ocrx_word' id='word_1_125' title='bbox 826 1217 900 1283; x_wconf 84' lang='lat' dir='ltr'>lecit,</span> <span class='ocrx_word' id='word_1_126' title='bbox 918 1228 945 1272; x_wconf 85' lang='lat' dir='ltr'>et</span> 
     </span>
     <span class='ocr_line' id='line_1_18' title="bbox 159 1288 945 1358; baseline -0.009 -10"><span class='ocrx_word' id='word_1_127' title='bbox 159 1294 260 1348; x_wconf 76' lang='lat' dir='ltr'>sanetis</span> <span class='ocrx_word' id='word_1_128' title='bbox 269 1292 325 1346; x_wconf 88' lang='lat' dir='ltr'>suis</span> <span class='ocrx_word' id='word_1_129' title='bbox 335 1289 437 1358; x_wconf 79' lang='lat' dir='ltr'>angelis</span> <span class='ocrx_word' id='word_1_130' title='bbox 446 1288 551 1344; x_wconf 77' lang='lat' dir='ltr'>eoelesti</span> <span class='ocrx_word' id='word_1_131' title='bbox 562 1289 663 1342; x_wconf 87' lang='lat' dir='ltr'>honore</span> <span class='ocrx_word' id='word_1_132' title='bbox 675 1288 804 1346; x_wconf 84' lang='lat' dir='ltr'>sociarit?</span> <span class='ocrx_word' id='word_1_133' title='bbox 816 1299 845 1342; x_wconf 94' lang='lat' dir='ltr'>ut</span> <span class='ocrx_word' id='word_1_134' title='bbox 858 1303 888 1342; x_wconf 88' lang='lat' dir='ltr'>ea</span> <span class='ocrx_word' id='word_1_135' title='bbox 900 1304 945 1341; x_wconf 88' lang='lat' dir='ltr'>re-</span> 
     </span>
     <span class='ocr_line' id='line_1_19' title="bbox 160 1358 945 1429; baseline -0.009 -12"><span class='ocrx_word' id='word_1_136' title='bbox 160 1363 285 1417; x_wconf 86' lang='lat' dir='ltr'>lehritate</span> <span class='ocrx_word' id='word_1_137' title='bbox 298 1373 325 1414; x_wconf 84' lang='lat' dir='ltr'>et</span> <span class='ocrx_word' id='word_1_138' title='bbox 339 1360 393 1413; x_wconf 82' lang='lat' dir='ltr'>Deo</span> <span class='ocrx_word' id='word_1_139' title='bbox 403 1374 467 1414; x_wconf 89' lang='lat' dir='ltr'>vero</span> <span class='ocrx_word' id='word_1_140' title='bbox 480 1359 513 1412; x_wconf 91' lang='lat' dir='ltr'>de</span> <span class='ocrx_word' id='word_1_141' title='bbox 525 1358 629 1410; x_wconf 90' lang='lat' dir='ltr'>illerum</span> <span class='ocrx_word' id='word_1_142' title='bbox 641 1358 761 1412; x_wconf 81' lang='lat' dir='ltr'>victoriis</span> <span class='ocrx_word' id='word_1_143' title='bbox 771 1359 871 1429; x_wconf 77' lang='lat' dir='ltr'>gratias</span> <span class='ocrx_word' id='word_1_144' title='bbox 882 1373 945 1428; x_wconf 81' lang='lat' dir='ltr'>aga·</span> 
     </span>
     <span class='ocr_line' id='line_1_20' title="bbox 160 1426 946 1497; baseline -0.008 -11"><span class='ocrx_word' id='word_1_145' title='bbox 160 1449 229 1492; x_wconf 80' lang='lat' dir='ltr'>mus,</span> <span class='ocrx_word' id='word_1_146' title='bbox 247 1440 273 1485; x_wconf 93' lang='lat' dir='ltr'>et</span> <span class='ocrx_word' id='word_1_147' title='bbox 286 1445 335 1484; x_wconf 87' lang='lat' dir='ltr'>rros</span> <span class='ocrx_word' id='word_1_148' title='bbox 348 1429 382 1482; x_wconf 90' lang='lat' dir='ltr'>ad</span> <span class='ocrx_word' id='word_1_149' title='bbox 393 1428 570 1482; x_wconf 91' lang='lat' dir='ltr'>imitationem</span> <span class='ocrx_word' id='word_1_150' title='bbox 584 1426 675 1481; x_wconf 87' lang='lat' dir='ltr'>talium</span> <span class='ocrx_word' id='word_1_151' title='bbox 689 1443 849 1482; x_wconf 82' lang='lat' dir='ltr'>coronarum</span> <span class='ocrx_word' id='word_1_152' title='bbox 865 1437 946 1497; x_wconf 90' lang='lat' dir='ltr'>atque</span> 
     </span>
     <span class='ocr_line' id='line_1_21' title="bbox 159 1496 945 1574; baseline -0.006 -20"><span class='ocrx_word' id='word_1_153' title='bbox 159 1502 310 1574; x_wconf 75' lang='lat' dir='ltr'>anlrnaram</span> <span class='ocrx_word' id='word_1_154' title='bbox 327 1497 422 1553; x_wconf 89' lang='lat' dir='ltr'>eodem</span> <span class='ocrx_word' id='word_1_155' title='bbox 446 1498 569 1552; x_wconf 79' lang='lat' dir='ltr'>inrorato</span> <span class='ocrx_word' id='word_1_156' title='bbox 594 1496 621 1550; x_wconf 92' lang='lat' dir='ltr'>in</span> <span class='ocrx_word' id='word_1_157' title='bbox 638 1496 768 1552; x_wconf 84' lang='lat' dir='ltr'>auxilium</span> <span class='ocrx_word' id='word_1_158' title='bbox 789 1497 945 1552; x_wconf 83' lang='lat' dir='ltr'>exitiorum</span> 
     </span>
     <span class='ocr_line' id='line_1_22' title="bbox 162 1564 947 1637; baseline -0.008 -13"><span class='ocrx_word' id='word_1_159' title='bbox 162 1570 297 1625; x_wconf 81' lang='lat' dir='ltr'>rnenroriae</span> <span class='ocrx_word' id='word_1_160' title='bbox 310 1567 482 1622; x_wconf 82' lang='lat' dir='ltr'>renovatione</span> <span class='ocrx_word' id='word_1_161' title='bbox 492 1567 676 1620; x_wconf 82' lang='lat' dir='ltr'>adhortemur.</span> <span class='ocrx_word' id='word_1_162' title='bbox 687 1564 856 1637; x_wconf 71' lang='lat' dir='ltr'>Quocunque</span> <span class='ocrx_word' id='word_1_163' title='bbox 865 1566 947 1636; x_wconf 78' lang='lat' dir='ltr'>igitur·</span> 
     </span>
     <span class='ocr_line' id='line_1_23' title="bbox 161 1636 944 1707; baseline -0.005 -14"><span class='ocrx_word' id='word_1_164' title='bbox 161 1640 323 1694; x_wconf 85' lang='lat' dir='ltr'>adhibentur</span> <span class='ocrx_word' id='word_1_165' title='bbox 335 1637 520 1706; x_wconf 81' lang='lat' dir='ltr'>religiosorum</span> <span class='ocrx_word' id='word_1_166' title='bbox 530 1636 658 1705; x_wconf 87' lang='lat' dir='ltr'>obsequia</span> <span class='ocrx_word' id='word_1_167' title='bbox 671 1636 698 1690; x_wconf 90' lang='lat' dir='ltr'>in</span> <span class='ocrx_word' id='word_1_168' title='bbox 712 1646 859 1707; x_wconf 79' lang='lat' dir='ltr'>martyrum</span> <span class='ocrx_word' id='word_1_169' title='bbox 868 1637 944 1699; x_wconf 88' lang='lat' dir='ltr'>loeis,</span> 
     </span>
     <span class='ocr_line' id='line_1_24' title="bbox 160 1706 946 1767; baseline -0.003 -5"><span class='ocrx_word' id='word_1_170' title='bbox 160 1717 318 1763; x_wconf 82' lang='lat' dir='ltr'>ornamenta</span> <span class='ocrx_word' id='word_1_171' title='bbox 334 1718 396 1760; x_wconf 89' lang='lat' dir='ltr'>snut</span> <span class='ocrx_word' id='word_1_172' title='bbox 410 1708 610 1767; x_wconf 87' lang='lat' dir='ltr'>memoriarum,</span> <span class='ocrx_word' id='word_1_173' title='bbox 623 1721 676 1758; x_wconf 88' lang='lat' dir='ltr'>nort</span> <span class='ocrx_word' id='word_1_174' title='bbox 693 1720 769 1760; x_wconf 86' lang='lat' dir='ltr'>sacra</span> <span class='ocrx_word' id='word_1_175' title='bbox 785 1707 826 1762; x_wconf 87' lang='lat' dir='ltr'>rel</span> <span class='ocrx_word' id='word_1_176' title='bbox 842 1706 946 1761; x_wconf 67' lang='lat' dir='ltr'>meriti·</span> 
     </span>
     <span class='ocr_line' id='line_1_25' title="bbox 141 1777 683 1843; baseline -0.013 -10"><span class='ocrx_word' id='word_1_177' title='bbox 141 1780 202 1833; x_wconf 84' lang='lat' dir='ltr'>·cia</span> <span class='ocrx_word' id='word_1_178' title='bbox 219 1788 384 1831; x_wconf 89' lang='lat' dir='ltr'>mortuorum</span> <span class='ocrx_word' id='word_1_179' title='bbox 400 1786 525 1843; x_wconf 87' lang='lat' dir='ltr'>tanquam</span> <span class='ocrx_word' id='word_1_180' title='bbox 542 1777 683 1829; x_wconf 75' lang='lat' dir='ltr'>deorumn</span> 
     </span>
     <span class='ocr_line' id='line_1_26' title="bbox 198 1844 948 1916; baseline -0.005 -15"><span class='ocrx_word' id='word_1_181' title='bbox 198 1847 296 1901; x_wconf 88' lang='lat' dir='ltr'>llierun</span> <span class='ocrx_word' id='word_1_182' title='bbox 316 1861 375 1899; x_wconf 91' lang='lat' dir='ltr'>mus</span> <span class='ocrx_word' id='word_1_183' title='bbox 387 1845 420 1898; x_wconf 90' lang='lat' dir='ltr'>ad</span> <span class='ocrx_word' id='word_1_184' title='bbox 434 1845 571 1916; x_wconf 83' lang='lat' dir='ltr'>Ripariuut</span> <span class='ocrx_word' id='word_1_185' title='bbox 583 1847 768 1915; x_wconf 78' lang='lat' dir='ltr'>presbyterum</span> <span class='ocrx_word' id='word_1_186' title='bbox 781 1864 787 1899; x_wconf 77' lang='grc' dir='ltr'>ε</span> <span class='ocrx_word' id='word_1_187' title='bbox 799 1863 809 1896; x_wconf 85' lang='grc' dir='ltr'><strong>ι</strong></span> <span class='ocrx_word' id='word_1_188' title='bbox 823 1844 948 1914; x_wconf 79' lang='lat' dir='ltr'>deceptis</span> 
     </span>
     <span class='ocr_line' id='line_1_27' title="bbox 161 1862 947 1998; baseline -0.004 -28"><span class='ocrx_word' id='word_1_189' title='bbox 161 1917 277 1989; x_wconf 82' lang='lat' dir='ltr'>primum</span> <span class='ocrx_word' id='word_1_190' title='bbox 297 1862 397 1970; x_wconf 68' lang='lat' dir='ltr'>l‘tterls</span> <span class='ocrx_word' id='word_1_191' title='bbox 412 1915 474 1978; x_wconf 91' lang='lat' dir='ltr'>tuis,</span> <span class='ocrx_word' id='word_1_192' title='bbox 495 1930 548 1968; x_wconf 89' lang='lat' dir='ltr'>unu</span> <span class='ocrx_word' id='word_1_193' title='bbox 569 1917 730 1984; x_wconf 89' lang='lat' dir='ltr'>respondere</span> <span class='ocrx_word' id='word_1_194' title='bbox 751 1916 882 1998; x_wconf 78' lang='lat' dir='ltr'>superbire</span> <span class='ocrx_word' id='word_1_195' title='bbox 896 1923 947 1977; x_wconf 89' lang='lat' dir='ltr'>est,</span> 
     </span>
     <span class='ocr_line' id='line_1_28' title="bbox 162 1984 947 2056; baseline -0.001 -17"><span class='ocrx_word' id='word_1_196' title='bbox 162 1987 324 2056; x_wconf 82' lang='lat' dir='ltr'>respondere</span> <span class='ocrx_word' id='word_1_197' title='bbox 333 1984 502 2039; x_wconf 89' lang='lat' dir='ltr'>temeritatis.</span> <span class='ocrx_word' id='word_1_198' title='bbox 515 1985 553 2038; x_wconf 74' lang='lat' dir='ltr'>lle</span> <span class='ocrx_word' id='word_1_199' title='bbox 564 1984 606 2037; x_wconf 88' lang='lat' dir='ltr'>bis</span> <span class='ocrx_word' id='word_1_200' title='bbox 616 1986 687 2037; x_wconf 92' lang='lat' dir='ltr'>enim</span> <span class='ocrx_word' id='word_1_201' title='bbox 697 1987 776 2040; x_wconf 85' lang='lat' dir='ltr'>reims</span> <span class='ocrx_word' id='word_1_202' title='bbox 786 1994 947 2052; x_wconf 74' lang='lat' dir='ltr'>rutmmqas,</span> 
     </span>
     <span class='ocr_line' id='line_1_29' title="bbox 161 2053 950 2127; baseline -0.004 -17"><span class='ocrx_word' id='word_1_203' title='bbox 161 2072 223 2127; x_wconf 81' lang='lat' dir='ltr'>qnae</span> <span class='ocrx_word' id='word_1_204' title='bbox 235 2061 262 2109; x_wconf 90' lang='lat' dir='ltr'>et</span> <span class='ocrx_word' id='word_1_205' title='bbox 278 2053 398 2126; x_wconf 87' lang='lat' dir='ltr'>prolerre</span> <span class='ocrx_word' id='word_1_206' title='bbox 412 2061 439 2106; x_wconf 84' lang='lat' dir='ltr'>et</span> <span class='ocrx_word' id='word_1_207' title='bbox 460 2055 553 2108; x_wconf 90' lang='lat' dir='ltr'>audire</span> <span class='ocrx_word' id='word_1_208' title='bbox 568 2054 737 2122; x_wconf 83' lang='lat' dir='ltr'>saerilegium</span> <span class='ocrx_word' id='word_1_209' title='bbox 749 2065 800 2110; x_wconf 81' lang='lat' dir='ltr'>et.</span> <span class='ocrx_word' id='word_1_210' title='bbox 819 2055 866 2108; x_wconf 81' lang='lat' dir='ltr'>dis</span> <span class='ocrx_word' id='word_1_211' title='bbox 879 2055 950 2125; x_wconf 77' lang='lat' dir='ltr'>Vigi-</span> 
     </span>
     <span class='ocr_line' id='line_1_30' title="bbox 163 2123 949 2199; baseline -0.006 -18"><span class='ocrx_word' id='word_1_212' title='bbox 163 2126 287 2189; x_wconf 77' lang='lat' dir='ltr'>lantiam,</span> <span class='ocrx_word' id='word_1_213' title='bbox 295 2124 340 2194; x_wconf 88' lang='lat' dir='ltr'>qui</span> <span class='ocrx_word' id='word_1_214' title='bbox 351 2124 406 2179; x_wconf 75' lang='grc' dir='ltr'>κατ’</span> <span class='ocrx_word' id='word_1_215' title='bbox 416 2126 563 2199; x_wconf 57' lang='grc' dir='ltr'><strong>ἁντῐγρασιν</strong></span> <span class='ocrx_word' id='word_1_216' title='bbox 577 2123 627 2176; x_wconf 91' lang='lat' dir='ltr'>hoe</span> <span class='ocrx_word' id='word_1_217' title='bbox 638 2126 873 2188; x_wconf 84' lang='lat' dir='ltr'>voeaturmnnine,</span> <span class='ocrx_word' id='word_1_218' title='bbox 887 2139 949 2178; x_wconf 92' lang='lat' dir='ltr'>narn</span> 
     </span>
     <span class='ocr_line' id='line_1_31' title="bbox 164 2194 950 2254; baseline -0.006 -3"><span class='ocrx_word' id='word_1_219' title='bbox 164 2194 358 2251; x_wconf 69' lang='lat' dir='ltr'>dormitantius</span> <span class='ocrx_word' id='word_1_220' title='bbox 384 2195 484 2247; x_wconf 86' lang='lat' dir='ltr'>rectius</span> <span class='ocrx_word' id='word_1_221' title='bbox 503 2195 648 2254; x_wconf 85' lang='lat' dir='ltr'>diceretur,</span> <span class='ocrx_word' id='word_1_222' title='bbox 672 2207 703 2246; x_wconf 91' lang='lat' dir='ltr'>os</span> <span class='ocrx_word' id='word_1_223' title='bbox 725 2195 836 2248; x_wconf 88' lang='lat' dir='ltr'>l&#39;etidnm</span> <span class='ocrx_word' id='word_1_224' title='bbox 857 2209 950 2248; x_wconf 89' lang='lat' dir='ltr'>rursus</span> 
     </span>
     <span class='ocr_line' id='line_1_32' title="bbox 164 2261 949 2334; baseline -0.004 -15"><span class='ocrx_word' id='word_1_225' title='bbox 164 2265 279 2334; x_wconf 84' lang='lat' dir='ltr'>aperire,</span> <span class='ocrx_word' id='word_1_226' title='bbox 293 2271 320 2316; x_wconf 92' lang='lat' dir='ltr'>et</span> <span class='ocrx_word' id='word_1_227' title='bbox 332 2274 454 2332; x_wconf 89' lang='lat' dir='ltr'>putorem</span> <span class='ocrx_word' id='word_1_228' title='bbox 468 2261 669 2334; x_wconf 85' lang='lat' dir='ltr'>spurcissimum</span> <span class='ocrx_word' id='word_1_229' title='bbox 687 2274 780 2318; x_wconf 88' lang='lat' dir='ltr'>contra</span> <span class='ocrx_word' id='word_1_230' title='bbox 796 2273 949 2318; x_wconf 88' lang='lat' dir='ltr'>sauctorum</span> 
     </span>
     <span class='ocr_line' id='line_1_33' title="bbox 165 2332 950 2404; baseline 0 -17"><span class='ocrx_word' id='word_1_231' title='bbox 165 2343 315 2404; x_wconf 82' lang='lat' dir='ltr'>martyrum</span> <span class='ocrx_word' id='word_1_232' title='bbox 329 2332 450 2401; x_wconf 87' lang='lat' dir='ltr'>prolerre</span> <span class='ocrx_word' id='word_1_233' title='bbox 464 2332 637 2400; x_wconf 79' lang='lat' dir='ltr'>reliquisset</span> <span class='ocrx_word' id='word_1_234' title='bbox 647 2333 758 2402; x_wconf 88' lang='lat' dir='ltr'>nos,qui</span> <span class='ocrx_word' id='word_1_235' title='bbox 771 2349 818 2388; x_wconf 85' lang='lat' dir='ltr'>eas</span> <span class='ocrx_word' id='word_1_236' title='bbox 830 2334 950 2403; x_wconf 90' lang='lat' dir='ltr'>suscepi·</span> 
     </span>
     <span class='ocr_line' id='line_1_34' title="bbox 164 2402 950 2485; baseline -0.003 -27"><span class='ocrx_word' id='word_1_237' title='bbox 164 2419 235 2467; x_wconf 85' lang='lat' dir='ltr'>mos,</span> <span class='ocrx_word' id='word_1_238' title='bbox 250 2402 383 2473; x_wconf 85' lang='lat' dir='ltr'>appellare</span> <span class='ocrx_word' id='word_1_239' title='bbox 395 2404 541 2457; x_wconf 79' lang='lat' dir='ltr'>cinerarios</span> <span class='ocrx_word' id='word_1_240' title='bbox 553 2411 581 2456; x_wconf 91' lang='lat' dir='ltr'>et</span> <span class='ocrx_word' id='word_1_241' title='bbox 593 2402 760 2468; x_wconf 78' lang='lat' dir='ltr'>idololatras,</span> <span class='ocrx_word' id='word_1_242' title='bbox 772 2404 818 2485; x_wconf 81' lang='lat' dir='ltr'>qni</span> <span class='ocrx_word' id='word_1_243' title='bbox 833 2412 950 2458; x_wconf 90' lang='lat' dir='ltr'>mortno-</span> 
     </span>
     <span class='ocr_line' id='line_1_35' title="bbox 166 2472 952 2528; baseline 0 -2"><span class='ocrx_word' id='word_1_244' title='bbox 166 2489 225 2527; x_wconf 88' lang='lat' dir='ltr'>rum</span> <span class='ocrx_word' id='word_1_245' title='bbox 253 2472 390 2526; x_wconf 89' lang='lat' dir='ltr'>hominnm</span> <span class='ocrx_word' id='word_1_246' title='bbox 413 2488 473 2526; x_wconf 84' lang='lat' dir='ltr'>ossa</span> <span class='ocrx_word' id='word_1_247' title='bbox 499 2485 670 2526; x_wconf 75' lang='lat' dir='ltr'>veneramur.</span> <span class='ocrx_word' id='word_1_248' title='bbox 682 2472 705 2527; x_wconf 90' lang='grc'>0</span> <span class='ocrx_word' id='word_1_249' title='bbox 719 2473 851 2528; x_wconf 79' lang='lat' dir='ltr'>infelicem</span> <span class='ocrx_word' id='word_1_250' title='bbox 866 2473 952 2528; x_wconf 90' lang='lat' dir='ltr'>homi·</span> 
     </span>
     <span class='ocr_line' id='line_1_36' title="bbox 166 2540 952 2625; baseline 0.003 -29"><span class='ocrx_word' id='word_1_251' title='bbox 166 2557 237 2603; x_wconf 87' lang='lat' dir='ltr'>nem,</span> <span class='ocrx_word' id='word_1_252' title='bbox 245 2553 271 2595; x_wconf 86' lang='lat' dir='ltr'>et</span> <span class='ocrx_word' id='word_1_253' title='bbox 279 2542 350 2596; x_wconf 89' lang='lat' dir='ltr'>omni</span> <span class='ocrx_word' id='word_1_254' title='bbox 363 2542 542 2613; x_wconf 69' lang='lat' dir='ltr'>laerymarum</span> <span class='ocrx_word' id='word_1_255' title='bbox 555 2540 628 2595; x_wconf 84' lang='lat' dir='ltr'>lente</span> <span class='ocrx_word' id='word_1_256' title='bbox 640 2542 828 2625; x_wconf 83' lang='lat' dir='ltr'>plangendum.</span> <span class='ocrx_word' id='word_1_257' title='bbox 836 2543 881 2613; x_wconf 90' lang='lat' dir='ltr'>qni</span> <span class='ocrx_word' id='word_1_258' title='bbox 894 2545 952 2598; x_wconf 68' lang='lat' dir='ltr'>hare</span> 
     </span>
     <span class='ocr_line' id='line_1_37' title="bbox 166 2610 950 2683; baseline 0.001 -17"><span class='ocrx_word' id='word_1_259' title='bbox 166 2613 258 2666; x_wconf 88' lang='lat' dir='ltr'>diceus</span> <span class='ocrx_word' id='word_1_260' title='bbox 275 2628 327 2665; x_wconf 72' lang='lat' dir='ltr'>ntra</span> <span class='ocrx_word' id='word_1_261' title='bbox 342 2626 371 2666; x_wconf 86' lang='lat' dir='ltr'>se</span> <span class='ocrx_word' id='word_1_262' title='bbox 388 2611 513 2683; x_wconf 75' lang='lat' dir='ltr'>intelligit</span> <span class='ocrx_word' id='word_1_263' title='bbox 535 2626 594 2665; x_wconf 87' lang='lat' dir='ltr'>esse</span> <span class='ocrx_word' id='word_1_264' title='bbox 606 2610 768 2667; x_wconf 88' lang='lat' dir='ltr'>Samarrtam</span> <span class='ocrx_word' id='word_1_265' title='bbox 780 2624 807 2667; x_wconf 90' lang='lat' dir='ltr'>et</span> <span class='ocrx_word' id='word_1_266' title='bbox 819 2613 950 2675; x_wconf 74' lang='lat' dir='ltr'>arideum,</span> 
     </span>
     <span class='ocr_line' id='line_1_38' title="bbox 166 2682 953 2751; baseline 0 -15"><span class='ocrx_word' id='word_1_267' title='bbox 166 2682 338 2751; x_wconf 70' lang='lat' dir='ltr'>eucarpum</span> <span class='ocrx_word' id='word_1_268' title='bbox 359 2691 524 2735; x_wconf 86' lang='lat' dir='ltr'>mortuorum</span> <span class='ocrx_word' id='word_1_269' title='bbox 546 2696 596 2750; x_wconf 90' lang='lat' dir='ltr'>pro</span> <span class='ocrx_word' id='word_1_270' title='bbox 621 2682 766 2737; x_wconf 86' lang='lat' dir='ltr'>immundis</span> <span class='ocrx_word' id='word_1_271' title='bbox 792 2684 908 2748; x_wconf 88' lang='lat' dir='ltr'>habent,</span> <span class='ocrx_word' id='word_1_272' title='bbox 927 2691 953 2736; x_wconf 86' lang='lat' dir='ltr'>et</span> 
     </span>
     <span class='ocr_line' id='line_1_39' title="bbox 166 2750 952 2821; baseline -0.001 -16"><span class='ocrx_word' id='word_1_273' title='bbox 166 2752 249 2805; x_wconf 87' lang='lat' dir='ltr'>etlam</span> <span class='ocrx_word' id='word_1_274' title='bbox 260 2767 322 2804; x_wconf 88' lang='lat' dir='ltr'>vasa</span> <span class='ocrx_word' id='word_1_275' title='bbox 335 2766 394 2819; x_wconf 77' lang='lat' dir='ltr'>quae</span> <span class='ocrx_word' id='word_1_276' title='bbox 411 2752 437 2804; x_wconf 90' lang='lat' dir='ltr'>ia</span> <span class='ocrx_word' id='word_1_277' title='bbox 450 2767 480 2804; x_wconf 87' lang='lat' dir='ltr'>ea</span> <span class='ocrx_word' id='word_1_278' title='bbox 493 2753 543 2805; x_wconf 92' lang='lat' dir='ltr'>lem</span> <span class='ocrx_word' id='word_1_279' title='bbox 559 2753 637 2805; x_wconf 87' lang='lat' dir='ltr'>domo</span> <span class='ocrx_word' id='word_1_280' title='bbox 653 2750 752 2806; x_wconf 81' lang='lat' dir='ltr'>luerint</span> <span class='ocrx_word' id='word_1_281' title='bbox 768 2753 850 2821; x_wconf 91' lang='lat' dir='ltr'>pollui</span> <span class='ocrx_word' id='word_1_282' title='bbox 863 2754 952 2820; x_wconf 83' lang='lat' dir='ltr'>suspi-</span> 
     </span>
     <span class='ocr_line' id='line_1_40' title="bbox 167 2820 952 2890; baseline 0.001 -17"><span class='ocrx_word' id='word_1_283' title='bbox 167 2830 272 2883; x_wconf 89' lang='lat' dir='ltr'>cantur,</span> <span class='ocrx_word' id='word_1_284' title='bbox 288 2828 429 2888; x_wconf 85' lang='lat' dir='ltr'>sequentes</span> <span class='ocrx_word' id='word_1_285' title='bbox 445 2821 612 2874; x_wconf 78' lang='lat' dir='ltr'>occidentem</span> <span class='ocrx_word' id='word_1_286' title='bbox 626 2820 752 2884; x_wconf 86' lang='lat' dir='ltr'>litteram,</span> <span class='ocrx_word' id='word_1_287' title='bbox 768 2831 795 2876; x_wconf 90' lang='lat' dir='ltr'>et</span> <span class='ocrx_word' id='word_1_288' title='bbox 808 2838 860 2877; x_wconf 92' lang='lat' dir='ltr'>non</span> <span class='ocrx_word' id='word_1_289' title='bbox 872 2824 952 2890; x_wconf 86' lang='lat' dir='ltr'>spiri·</span> 
     </span>
    </p>
   </div>
   <div class='ocr_carea' id='block_1_6' title="bbox 987 386 1845 2886">
    <p class='ocr_par' dir='ltr' id='par_1_6' title="bbox 987 386 1845 1633">
     <span class='ocr_line' id='line_1_41' title="bbox 987 386 1778 458; baseline 0.008 -20"><span class='ocrx_word' id='word_1_290' title='bbox 987 397 1112 458; x_wconf 88' lang='lat' dir='ltr'>parentes</span> <span class='ocrx_word' id='word_1_291' title='bbox 1123 388 1248 451; x_wconf 88' lang='lat' dir='ltr'>umbras,</span> <span class='ocrx_word' id='word_1_292' title='bbox 1267 397 1313 441; x_wconf 89' lang='lat' dir='ltr'>ant</span> <span class='ocrx_word' id='word_1_293' title='bbox 1327 386 1475 453; x_wconf 76' lang='lat' dir='ltr'>daemonia,</span> <span class='ocrx_word' id='word_1_294' title='bbox 1489 398 1536 444; x_wconf 90' lang='lat' dir='ltr'>ant</span> <span class='ocrx_word' id='word_1_295' title='bbox 1548 388 1691 450; x_wconf 86' lang='lat' dir='ltr'>simulacra</span> <span class='ocrx_word' id='word_1_296' title='bbox 1706 406 1778 445; x_wconf 82' lang='lat' dir='ltr'>mor-</span> 
     </span>
     <span class='ocr_line' id='line_1_42' title="bbox 988 456 1777 526; baseline 0.004 -17"><span class='ocrx_word' id='word_1_297' title='bbox 988 465 1105 519; x_wconf 91' lang='lat' dir='ltr'>tuorum,</span> <span class='ocrx_word' id='word_1_298' title='bbox 1115 464 1145 509; x_wconf 93' lang='lat' dir='ltr'>ut</span> <span class='ocrx_word' id='word_1_299' title='bbox 1155 456 1220 510; x_wconf 90' lang='lat' dir='ltr'>deos</span> <span class='ocrx_word' id='word_1_300' title='bbox 1233 457 1322 511; x_wconf 87' lang='lat' dir='ltr'>colere</span> <span class='ocrx_word' id='word_1_301' title='bbox 1334 466 1485 525; x_wconf 84' lang='lat' dir='ltr'>coeperunt.</span> <span class='ocrx_word' id='word_1_302' title='bbox 1497 456 1562 526; x_wconf 71' lang='lat' dir='ltr'>Quae</span> <span class='ocrx_word' id='word_1_303' title='bbox 1572 457 1650 514; x_wconf 87' lang='lat' dir='ltr'>resin</span> <span class='ocrx_word' id='word_1_304' title='bbox 1661 472 1777 515; x_wconf 84' lang='lat' dir='ltr'>eonsue-</span> 
     </span>
     <span class='ocr_line' id='line_1_43' title="bbox 988 524 1776 584; baseline 0.009 -6"><span class='ocrx_word' id='word_1_305' title='bbox 988 525 1080 580; x_wconf 92' lang='lat' dir='ltr'>tudine</span> <span class='ocrx_word' id='word_1_306' title='bbox 1103 525 1246 579; x_wconf 90' lang='lat' dir='ltr'>vetustatis</span> <span class='ocrx_word' id='word_1_307' title='bbox 1269 524 1383 580; x_wconf 87' lang='lat' dir='ltr'>deducta</span> <span class='ocrx_word' id='word_1_308' title='bbox 1408 526 1557 581; x_wconf 80' lang='lat' dir='ltr'>arbitratur</span> <span class='ocrx_word' id='word_1_309' title='bbox 1583 528 1696 583; x_wconf 89' lang='lat' dir='ltr'>rationis</span> <span class='ocrx_word' id='word_1_310' title='bbox 1725 529 1776 584; x_wconf 88' lang='lat' dir='ltr'>sihi</span> 
     </span>
     <span class='ocr_line' id='line_1_44' title="bbox 989 592 1778 662; baseline 0.008 -16"><span class='ocrx_word' id='word_1_311' title='bbox 989 594 1130 648; x_wconf 84' lang='lat' dir='ltr'>veritatem</span> <span class='ocrx_word' id='word_1_312' title='bbox 1144 609 1222 662; x_wconf 85' lang='lat' dir='ltr'>posse</span> <span class='ocrx_word' id='word_1_313' title='bbox 1237 592 1358 656; x_wconf 80' lang='lat' dir='ltr'>defendi,</span> <span class='ocrx_word' id='word_1_314' title='bbox 1377 609 1439 649; x_wconf 87' lang='lat' dir='ltr'>rum</span> <span class='ocrx_word' id='word_1_315' title='bbox 1453 596 1574 651; x_wconf 75' lang='lat' dir='ltr'>veritatis</span> <span class='ocrx_word' id='word_1_316' title='bbox 1586 598 1655 651; x_wconf 89' lang='lat' dir='ltr'>ratio</span> <span class='ocrx_word' id='word_1_317' title='bbox 1678 612 1731 652; x_wconf 88' lang='lat' dir='ltr'>non</span> <span class='ocrx_word' id='word_1_318' title='bbox 1745 613 1778 652; x_wconf 85' lang='lat' dir='ltr'>ex</span> 
     </span>
     <span class='ocr_line' id='line_1_45' title="bbox 989 664 1845 737; baseline 0.005 -21"><span class='ocrx_word' id='word_1_319' title='bbox 989 664 1182 717; x_wconf 72' lang='lat' dir='ltr'>requirendum</span> <span class='ocrx_word' id='word_1_320' title='bbox 1193 674 1274 733; x_wconf 88' lang='lat' dir='ltr'>atque</span> <span class='ocrx_word' id='word_1_321' title='bbox 1286 678 1319 720; x_wconf 82' lang='lat' dir='ltr'>er</span> <span class='ocrx_word' id='word_1_322' title='bbox 1332 671 1476 724; x_wconf 82' lang='lat' dir='ltr'>vetustate,</span> <span class='ocrx_word' id='word_1_323' title='bbox 1492 666 1539 718; x_wconf 89' lang='lat' dir='ltr'>sed</span> <span class='ocrx_word' id='word_1_324' title='bbox 1550 680 1583 719; x_wconf 85' lang='lat' dir='ltr'>ex</span> <span class='ocrx_word' id='word_1_325' title='bbox 1594 666 1648 720; x_wconf 86' lang='lat' dir='ltr'>Deo</span> <span class='ocrx_word' id='word_1_326' title='bbox 1658 666 1703 731; x_wconf 89' lang='lat' dir='ltr'>sit,</span> <span class='ocrx_word' id='word_1_327' title='bbox 1715 667 1778 737; x_wconf 87' lang='lat' dir='ltr'>qnia</span> <span class='ocrx_word' id='word_1_328' title='bbox 1843 687 1845 691; x_wconf 50' lang='lat'><strong><em>⁴</em></strong></span> 
     </span>
     <span class='ocr_line' id='line_1_46' title="bbox 990 732 1779 805; baseline 0.006 -20"><span class='ocrx_word' id='word_1_329' title='bbox 990 747 1043 785; x_wconf 91' lang='lat' dir='ltr'>non</span> <span class='ocrx_word' id='word_1_330' title='bbox 1060 741 1191 786; x_wconf 77' lang='lat' dir='ltr'>vetustate</span> <span class='ocrx_word' id='word_1_331' title='bbox 1205 732 1276 786; x_wconf 80' lang='lat' dir='ltr'>bens</span> <span class='ocrx_word' id='word_1_332' title='bbox 1288 733 1427 802; x_wconf 89' lang='lat' dir='ltr'>probatur,</span> <span class='ocrx_word' id='word_1_333' title='bbox 1444 734 1491 787; x_wconf 88' lang='lat' dir='ltr'>sed</span> <span class='ocrx_word' id='word_1_334' title='bbox 1503 736 1652 789; x_wconf 85' lang='lat' dir='ltr'>aeternitate</span> <span class='ocrx_word' id='word_1_335' title='bbox 1664 752 1671 788; x_wconf 74' lang='grc' dir='ltr'>ε</span> <span class='ocrx_word' id='word_1_336' title='bbox 1685 751 1779 805; x_wconf 90' lang='lat' dir='ltr'>quam·</span> 
     </span>
     <span class='ocr_line' id='line_1_47' title="bbox 990 801 1779 871; baseline 0.006 -16"><span class='ocrx_word' id='word_1_337' title='bbox 990 803 1082 855; x_wconf 88' lang='lat' dir='ltr'>ohrern</span> <span class='ocrx_word' id='word_1_338' title='bbox 1111 801 1178 856; x_wconf 87' lang='lat' dir='ltr'>tides</span> <span class='ocrx_word' id='word_1_339' title='bbox 1202 818 1254 856; x_wconf 92' lang='lat' dir='ltr'>non</span> <span class='ocrx_word' id='word_1_340' title='bbox 1281 814 1368 871; x_wconf 80' lang='lat' dir='ltr'>erepm</span> <span class='ocrx_word' id='word_1_341' title='bbox 1394 816 1447 865; x_wconf 87' lang='lat' dir='ltr'>res,</span> <span class='ocrx_word' id='word_1_342' title='bbox 1461 804 1506 856; x_wconf 88' lang='lat' dir='ltr'>sert</span> <span class='ocrx_word' id='word_1_343' title='bbox 1519 803 1576 857; x_wconf 92' lang='lat' dir='ltr'>sine</span> <span class='ocrx_word' id='word_1_344' title='bbox 1597 803 1675 860; x_wconf 89' lang='lat' dir='ltr'>initio</span> <span class='ocrx_word' id='word_1_345' title='bbox 1684 813 1736 861; x_wconf 88' lang='lat' dir='ltr'>est.</span> <span class='ocrx_word' id='word_1_346' title='bbox 1750 805 1779 860; x_wconf 93' lang='lat' dir='ltr'>ln</span> 
     </span>
     <span class='ocr_line' id='line_1_48' title="bbox 990 870 1779 944; baseline 0.006 -20"><span class='ocrx_word' id='word_1_347' title='bbox 990 870 1074 924; x_wconf 77' lang='lat' dir='ltr'>Derim</span> <span class='ocrx_word' id='word_1_348' title='bbox 1088 871 1159 924; x_wconf 91' lang='lat' dir='ltr'>enim</span> <span class='ocrx_word' id='word_1_349' title='bbox 1172 872 1281 926; x_wconf 89' lang='lat' dir='ltr'>eredere</span> <span class='ocrx_word' id='word_1_350' title='bbox 1293 880 1414 925; x_wconf 90' lang='lat' dir='ltr'>nostrum</span> <span class='ocrx_word' id='word_1_351' title='bbox 1426 871 1544 942; x_wconf 74' lang='lat' dir='ltr'>incipere</span> <span class='ocrx_word' id='word_1_352' title='bbox 1556 881 1598 927; x_wconf 89' lang='lat' dir='ltr'>est</span> <span class='ocrx_word' id='word_1_353' title='bbox 1612 890 1619 926; x_wconf 92' lang='lat'><strong>:</strong></span> <span class='ocrx_word' id='word_1_354' title='bbox 1634 889 1694 928; x_wconf 90' lang='lat' dir='ltr'>nam</span> <span class='ocrx_word' id='word_1_355' title='bbox 1708 875 1779 944; x_wconf 90' lang='lat' dir='ltr'>quod</span> 
     </span>
     <span class='ocr_line' id='line_1_49' title="bbox 992 940 1779 1012; baseline 0.01 -21"><span class='ocrx_word' id='word_1_356' title='bbox 992 941 1111 993; x_wconf 91' lang='lat' dir='ltr'>creditur</span> <span class='ocrx_word' id='word_1_357' title='bbox 1134 949 1264 994; x_wconf 75' lang='lat' dir='ltr'>aeternum</span> <span class='ocrx_word' id='word_1_358' title='bbox 1287 947 1337 994; x_wconf 81' lang='lat' dir='ltr'>est.</span> <span class='ocrx_word' id='word_1_359' title='bbox 1357 960 1415 991; x_wconf 88' lang='grc' dir='ltr'><strong>ι-</strong></span> <span class='ocrx_word' id='word_1_360' title='bbox 1426 940 1459 994; x_wconf 78' lang='lat' dir='ltr'>lit</span> <span class='ocrx_word' id='word_1_361' title='bbox 1472 949 1532 1009; x_wconf 89' lang='lat' dir='ltr'>pust</span> <span class='ocrx_word' id='word_1_362' title='bbox 1549 956 1632 1012; x_wconf 89' lang='lat' dir='ltr'>panca</span> <span class='ocrx_word' id='word_1_363' title='bbox 1649 957 1656 996; x_wconf 75' lang='grc' dir='ltr'><strong>ε</strong></span> <span class='ocrx_word' id='word_1_364' title='bbox 1673 960 1683 993; x_wconf 84' lang='grc' dir='ltr'><strong>ι</strong></span> <span class='ocrx_word' id='word_1_365' title='bbox 1702 943 1779 1012; x_wconf 87' lang='lat' dir='ltr'>Quod</span> 
     </span>
     <span class='ocr_line' id='line_1_50' title="bbox 992 1008 1778 1133; baseline 0.008 -70"><span class='ocrx_word' id='word_1_366' title='bbox 992 1009 1082 1063; x_wconf 82' lang='lat' dir='ltr'>urlnnt</span> <span class='ocrx_word' id='word_1_367' title='bbox 1095 1010 1191 1080; x_wconf 83' lang='lat' dir='ltr'>pagani</span> <span class='ocrx_word' id='word_1_368' title='bbox 1205 1016 1265 1079; x_wconf 91' lang='lat' dir='ltr'>post</span> <span class='ocrx_word' id='word_1_369' title='bbox 1276 1008 1359 1062; x_wconf 88' lang='lat' dir='ltr'>Deum</span> <span class='ocrx_word' id='word_1_370' title='bbox 1372 1017 1497 1133; x_wconf 52' lang='lat' dir='ltr'>retusus</span> <span class='ocrx_word' id='word_1_371' title='bbox 1511 1019 1571 1080; x_wconf 92' lang='lat' dir='ltr'>post</span> <span class='ocrx_word' id='word_1_372' title='bbox 1585 1012 1707 1080; x_wconf 80' lang='lat' dir='ltr'>opificem</span> <span class='ocrx_word' id='word_1_373' title='bbox 1720 1023 1778 1077; x_wconf 88' lang='lat' dir='ltr'>est;</span> 
     </span>
     <span class='ocr_line' id='line_1_51' title="bbox 992 1078 1780 1149; baseline 0.009 -18"><span class='ocrx_word' id='word_1_374' title='bbox 992 1078 1088 1147; x_wconf 82' lang='lat' dir='ltr'>pagani</span> <span class='ocrx_word' id='word_1_375' title='bbox 1112 1078 1203 1132; x_wconf 91' lang='lat' dir='ltr'>colunt</span> <span class='ocrx_word' id='word_1_376' title='bbox 1223 1093 1386 1146; x_wconf 85' lang='lat' dir='ltr'>eper·a,n0s</span> <span class='ocrx_word' id='word_1_377' title='bbox 1403 1080 1446 1149; x_wconf 92' lang='lat' dir='ltr'>opi</span> <span class='ocrx_word' id='word_1_378' title='bbox 1468 1094 1542 1144; x_wconf 90' lang='lat' dir='ltr'>eem,</span> <span class='ocrx_word' id='word_1_379' title='bbox 1558 1079 1597 1134; x_wconf 92' lang='lat' dir='ltr'>illi</span> <span class='ocrx_word' id='word_1_380' title='bbox 1618 1093 1780 1145; x_wconf 84' lang='lat' dir='ltr'>ereaturam,</span> 
     </span>
     <span class='ocr_line' id='line_1_52' title="bbox 994 1146 1782 1218; baseline 0.005 -16"><span class='ocrx_word' id='word_1_381' title='bbox 994 1163 1044 1202; x_wconf 91' lang='lat' dir='ltr'>nos</span> <span class='ocrx_word' id='word_1_382' title='bbox 1058 1155 1216 1202; x_wconf 83' lang='lat' dir='ltr'>erratorem.</span> <span class='ocrx_word' id='word_1_383' title='bbox 1234 1146 1331 1202; x_wconf 85' lang='lat' dir='ltr'>Factus</span> <span class='ocrx_word' id='word_1_384' title='bbox 1349 1149 1428 1204; x_wconf 85' lang='lat' dir='ltr'>lrouro</span> <span class='ocrx_word' id='word_1_385' title='bbox 1450 1147 1531 1218; x_wconf 75' lang='lat' dir='ltr'>erupit</span> <span class='ocrx_word' id='word_1_386' title='bbox 1556 1151 1678 1205; x_wconf 87' lang='lat' dir='ltr'>venerari</span> <span class='ocrx_word' id='word_1_387' title='bbox 1703 1167 1782 1208; x_wconf 86' lang='lat' dir='ltr'>sunm</span> 
     </span>
     <span class='ocr_line' id='line_1_53' title="bbox 993 1216 1781 1286; baseline 0.009 -16"><span class='ocrx_word' id='word_1_388' title='bbox 993 1216 1176 1282; x_wconf 82' lang='lat' dir='ltr'>conditorem,</span> <span class='ocrx_word' id='word_1_389' title='bbox 1195 1219 1257 1286; x_wconf 91' lang='lat' dir='ltr'>qnia</span> <span class='ocrx_word' id='word_1_390' title='bbox 1275 1227 1302 1270; x_wconf 91' lang='lat' dir='ltr'>et</span> <span class='ocrx_word' id='word_1_391' title='bbox 1316 1217 1425 1285; x_wconf 86' lang='lat' dir='ltr'>dignum</span> <span class='ocrx_word' id='word_1_392' title='bbox 1439 1228 1495 1284; x_wconf 90' lang='lat' dir='ltr'>est,</span> <span class='ocrx_word' id='word_1_393' title='bbox 1513 1226 1539 1272; x_wconf 93' lang='lat' dir='ltr'>et</span> <span class='ocrx_word' id='word_1_394' title='bbox 1553 1234 1633 1273; x_wconf 88' lang='lat' dir='ltr'>eausa</span> <span class='ocrx_word' id='word_1_395' title='bbox 1650 1221 1701 1276; x_wconf 93' lang='lat' dir='ltr'>hoc</span> <span class='ocrx_word' id='word_1_396' title='bbox 1716 1237 1781 1277; x_wconf 83' lang='lat' dir='ltr'>ese·</span> 
     </span>
     <span class='ocr_line' id='line_1_54' title="bbox 1013 1287 1071 1339; baseline -0.034 0"><span class='ocrx_word' id='word_1_397' title='bbox 1013 1287 1071 1339; x_wconf 83' lang='grc' dir='ltr'><strong>ἰι.ι</strong></span> 
     </span>
     <span class='ocr_line' id='line_1_55' title="bbox 995 1300 1783 1426; baseline 0.004 -18"><span class='ocrx_word' id='word_1_398' title='bbox 995 1300 1012 1354; x_wconf 57' lang='lat'>⁸</span> <span class='ocrx_word' id='word_1_399' title='bbox 1031 1353 1162 1409; x_wconf 75' lang='lat' dir='ltr'>Ieremias</span> <span class='ocrx_word' id='word_1_400' title='bbox 1176 1355 1305 1424; x_wconf 88' lang='lat' dir='ltr'>propheta</span> <span class='ocrx_word' id='word_1_401' title='bbox 1320 1372 1326 1409; x_wconf 93' lang='lat'>:</span> <span class='ocrx_word' id='word_1_402' title='bbox 1341 1354 1403 1409; x_wconf 80' lang='lat' dir='ltr'>Part</span> <span class='ocrx_word' id='word_1_403' title='bbox 1413 1354 1528 1420; x_wconf 83' lang='lat' dir='ltr'>Brurrm,</span> <span class='ocrx_word' id='word_1_404' title='bbox 1542 1357 1569 1412; x_wconf 92' lang='lat' dir='ltr'>iu</span> <span class='ocrx_word' id='word_1_405' title='bbox 1591 1357 1639 1420; x_wconf 90' lang='lat' dir='ltr'>uit,</span> <span class='ocrx_word' id='word_1_406' title='bbox 1652 1357 1783 1426; x_wconf 81' lang='lat' dir='ltr'>abierunt,</span> 
     </span>
     <span class='ocr_line' id='line_1_56' title="bbox 995 1424 1781 1497; baseline 0.01 -21"><span class='ocrx_word' id='word_1_407' title='bbox 995 1441 1059 1495; x_wconf 83' lang='lat' dir='ltr'>quor</span> <span class='ocrx_word' id='word_1_408' title='bbox 1073 1425 1218 1477; x_wconf 82' lang='lat' dir='ltr'>didicerant</span> <span class='ocrx_word' id='word_1_409' title='bbox 1238 1443 1254 1476; x_wconf 85' lang='grc' dir='ltr'>ιι</span> <span class='ocrx_word' id='word_1_410' title='bbox 1269 1424 1388 1494; x_wconf 80' lang='lat' dir='ltr'>putribus</span> <span class='ocrx_word' id='word_1_411' title='bbox 1407 1425 1471 1478; x_wconf 82' lang='lat' dir='ltr'>suls.</span> <span class='ocrx_word' id='word_1_412' title='bbox 1489 1425 1563 1481; x_wconf 86' lang='lat' dir='ltr'>Unde</span> <span class='ocrx_word' id='word_1_413' title='bbox 1605 1429 1781 1497; x_wconf 82' lang='lat' dir='ltr'>leronymus:</span> 
     </span>
     <span class='ocr_line' id='line_1_57' title="bbox 999 1492 1784 1571; baseline 0.011 -27"><span class='ocrx_word' id='word_1_414' title='bbox 999 1513 1008 1544; x_wconf 80' lang='lat' dir='ltr'>r</span> <span class='ocrx_word' id='word_1_415' title='bbox 1026 1494 1094 1563; x_wconf 76' lang='lat' dir='ltr'>Ergo</span> <span class='ocrx_word' id='word_1_416' title='bbox 1108 1507 1158 1547; x_wconf 89' lang='lat' dir='ltr'>nee</span> <span class='ocrx_word' id='word_1_417' title='bbox 1168 1501 1319 1561; x_wconf 88' lang='lat' dir='ltr'>parentum,</span> <span class='ocrx_word' id='word_1_418' title='bbox 1334 1510 1384 1548; x_wconf 83' lang='lat' dir='ltr'>nee</span> <span class='ocrx_word' id='word_1_419' title='bbox 1398 1492 1529 1560; x_wconf 84' lang='lat' dir='ltr'>nrajernm</span> <span class='ocrx_word' id='word_1_420' title='bbox 1543 1512 1620 1550; x_wconf 89' lang='lat' dir='ltr'>error</span> <span class='ocrx_word' id='word_1_421' title='bbox 1631 1500 1784 1571; x_wconf 79' lang='lat' dir='ltr'>sequendus</span> 
     </span>
     <span class='ocr_line' id='line_1_58' title="bbox 996 1562 1785 1633; baseline 0.009 -17"><span class='ocrx_word' id='word_1_422' title='bbox 996 1572 1048 1626; x_wconf 87' lang='lat' dir='ltr'>est,</span> <span class='ocrx_word' id='word_1_423' title='bbox 1063 1565 1109 1616; x_wconf 82' lang='lat' dir='ltr'>sen</span> <span class='ocrx_word' id='word_1_424' title='bbox 1121 1562 1268 1617; x_wconf 88' lang='lat' dir='ltr'>auctoritas</span> <span class='ocrx_word' id='word_1_425' title='bbox 1279 1562 1488 1633; x_wconf 70' lang='lat' dir='ltr'>Scripturaram,</span> <span class='ocrx_word' id='word_1_426' title='bbox 1502 1574 1529 1619; x_wconf 88' lang='lat' dir='ltr'>et</span> <span class='ocrx_word' id='word_1_427' title='bbox 1544 1565 1591 1620; x_wconf 84' lang='lat' dir='ltr'>bei</span> <span class='ocrx_word' id='word_1_428' title='bbox 1605 1567 1726 1622; x_wconf 85' lang='lat' dir='ltr'>docentis</span> <span class='ocrx_word' id='word_1_429' title='bbox 1737 1568 1785 1623; x_wconf 91' lang='lat' dir='ltr'>iru-</span> 
     </span>
    </p>

    <p class='ocr_par' dir='ltr' id='par_1_7' title="bbox 996 1647 1789 2175">
     <span class='ocr_line' id='line_1_59' title="bbox 1017 1647 1138 1687; baseline -0.008 -3"><span class='ocrx_word' id='word_1_430' title='bbox 1017 1647 1138 1687; x_wconf 53' lang='lat' dir='ltr'>emilii.)</span> 
     </span>
     <span class='ocr_line' id='line_1_60' title="bbox 996 1649 1785 1772; baseline 0.006 -16"><span class='ocrx_word' id='word_1_431' title='bbox 996 1649 1015 1703; x_wconf 66' lang='lat' dir='ltr'>p</span> <span class='ocrx_word' id='word_1_432' title='bbox 1032 1701 1198 1772; x_wconf 75' lang='lat' dir='ltr'>Augustinus</span> <span class='ocrx_word' id='word_1_433' title='bbox 1220 1701 1247 1755; x_wconf 89' lang='lat' dir='ltr'>in</span> <span class='ocrx_word' id='word_1_434' title='bbox 1270 1703 1403 1771; x_wconf 90' lang='lat' dir='ltr'>psalmum</span> <span class='ocrx_word' id='word_1_435' title='bbox 1418 1718 1504 1757; x_wconf 79' lang='lat' dir='ltr'>carn-2</span> <span class='ocrx_word' id='word_1_436' title='bbox 1521 1721 1531 1754; x_wconf 92' lang='lat' dir='ltr'>r</span> <span class='ocrx_word' id='word_1_437' title='bbox 1547 1703 1679 1760; x_wconf 79' lang='lat' dir='ltr'>Videntur</span> <span class='ocrx_word' id='word_1_438' title='bbox 1695 1715 1785 1762; x_wconf 85' lang='lat' dir='ltr'>autem</span> 
     </span>
     <span class='ocr_line' id='line_1_61' title="bbox 997 1771 1786 1842; baseline 0.005 -15"><span class='ocrx_word' id='word_1_439' title='bbox 997 1773 1048 1827; x_wconf 87' lang='lat' dir='ltr'>sibi</span> <span class='ocrx_word' id='word_1_440' title='bbox 1061 1772 1225 1840; x_wconf 89' lang='lat' dir='ltr'>purgatioris</span> <span class='ocrx_word' id='word_1_441' title='bbox 1239 1785 1298 1826; x_wconf 86' lang='lat' dir='ltr'>esse</span> <span class='ocrx_word' id='word_1_442' title='bbox 1309 1771 1455 1842; x_wconf 77' lang='lat' dir='ltr'>religionis,</span> <span class='ocrx_word' id='word_1_443' title='bbox 1469 1774 1514 1842; x_wconf 92' lang='lat' dir='ltr'>qui</span> <span class='ocrx_word' id='word_1_444' title='bbox 1527 1774 1628 1841; x_wconf 86' lang='lat' dir='ltr'>dieunt,</span> <span class='ocrx_word' id='word_1_445' title='bbox 1640 1791 1690 1831; x_wconf 90' lang='lat' dir='ltr'>nee</span> <span class='ocrx_word' id='word_1_446' title='bbox 1702 1776 1786 1837; x_wconf 90' lang='lat' dir='ltr'>simu·</span> 
     </span>
     <span class='ocr_line' id='line_1_62' title="bbox 998 1841 1787 1916; baseline 0.006 -20"><span class='ocrx_word' id='word_1_447' title='bbox 998 1843 1109 1903; x_wconf 85' lang='lat' dir='ltr'>lacrum,</span> <span class='ocrx_word' id='word_1_448' title='bbox 1124 1855 1174 1895; x_wconf 87' lang='lat' dir='ltr'>nee</span> <span class='ocrx_word' id='word_1_449' title='bbox 1184 1841 1343 1898; x_wconf 80' lang='lat' dir='ltr'>dementum</span> <span class='ocrx_word' id='word_1_450' title='bbox 1356 1841 1424 1905; x_wconf 86' lang='lat' dir='ltr'>eolo,</span> <span class='ocrx_word' id='word_1_451' title='bbox 1438 1850 1484 1897; x_wconf 87' lang='lat' dir='ltr'>sea</span> <span class='ocrx_word' id='word_1_452' title='bbox 1497 1843 1610 1915; x_wconf 81' lang='lat' dir='ltr'>elilqlem</span> <span class='ocrx_word' id='word_1_453' title='bbox 1622 1846 1787 1916; x_wconf 86' lang='lat' dir='ltr'>corporalem</span> 
     </span>
     <span class='ocr_line' id='line_1_63' title="bbox 997 1911 1788 1983; baseline 0.008 -18"><span class='ocrx_word' id='word_1_454' title='bbox 997 1913 1057 1975; x_wconf 79' lang='lat' dir='ltr'>ejus</span> <span class='ocrx_word' id='word_1_455' title='bbox 1077 1911 1116 1964; x_wconf 89' lang='lat' dir='ltr'>rei</span> <span class='ocrx_word' id='word_1_456' title='bbox 1140 1912 1245 1978; x_wconf 90' lang='lat' dir='ltr'>signum</span> <span class='ocrx_word' id='word_1_457' title='bbox 1269 1912 1375 1966; x_wconf 91' lang='lat' dir='ltr'>intueor</span> <span class='ocrx_word' id='word_1_458' title='bbox 1398 1927 1479 1983; x_wconf 85' lang='lat' dir='ltr'>quarn</span> <span class='ocrx_word' id='word_1_459' title='bbox 1506 1914 1594 1968; x_wconf 87' lang='lat' dir='ltr'>colere</span> <span class='ocrx_word' id='word_1_460' title='bbox 1617 1916 1711 1971; x_wconf 70' lang='lat' dir='ltr'>debeo,</span> <span class='ocrx_word' id='word_1_461' title='bbox 1729 1936 1788 1970; x_wconf 86' lang='lat' dir='ltr'>r·-</span> 
     </span>
     <span class='ocr_line' id='line_1_64' title="bbox 997 1980 1788 2056; baseline 0.006 -20"><span class='ocrx_word' id='word_1_462' title='bbox 997 1982 1063 2036; x_wconf 88' lang='lat' dir='ltr'>ltem</span> <span class='ocrx_word' id='word_1_463' title='bbox 1080 1989 1142 2050; x_wconf 89' lang='lat' dir='ltr'>post</span> <span class='ocrx_word' id='word_1_464' title='bbox 1155 1993 1239 2049; x_wconf 92' lang='lat' dir='ltr'>panca</span> <span class='ocrx_word' id='word_1_465' title='bbox 1254 1995 1261 2033; x_wconf 80' lang='lat' dir='ltr'>r</span> <span class='ocrx_word' id='word_1_466' title='bbox 1276 2000 1285 2031; x_wconf 85' lang='lat' dir='ltr'>r</span> <span class='ocrx_word' id='word_1_467' title='bbox 1300 1980 1406 2035; x_wconf 73' lang='lat' dir='ltr'>allident</span> <span class='ocrx_word' id='word_1_468' title='bbox 1419 1985 1589 2050; x_wconf 88' lang='lat' dir='ltr'>respondere,</span> <span class='ocrx_word' id='word_1_469' title='bbox 1600 2000 1652 2039; x_wconf 90' lang='lat' dir='ltr'>non</span> <span class='ocrx_word' id='word_1_470' title='bbox 1665 1987 1719 2056; x_wconf 91' lang='lat' dir='ltr'>ipsa</span> <span class='ocrx_word' id='word_1_471' title='bbox 1732 2002 1788 2041; x_wconf 78' lang='lat' dir='ltr'>eor-</span> 
     </span>
     <span class='ocr_line' id='line_1_65' title="bbox 998 2050 1789 2123; baseline 0.008 -18"><span class='ocrx_word' id='word_1_472' title='bbox 998 2066 1065 2121; x_wconf 90' lang='lat' dir='ltr'>pora</span> <span class='ocrx_word' id='word_1_473' title='bbox 1085 2050 1184 2115; x_wconf 89' lang='lat' dir='ltr'>colere,</span> <span class='ocrx_word' id='word_1_474' title='bbox 1209 2051 1256 2104; x_wconf 89' lang='lat' dir='ltr'>sed</span> <span class='ocrx_word' id='word_1_475' title='bbox 1277 2066 1338 2119; x_wconf 76' lang='lat' dir='ltr'>quae</span> <span class='ocrx_word' id='word_1_476' title='bbox 1360 2051 1413 2105; x_wconf 88' lang='lat' dir='ltr'>illis</span> <span class='ocrx_word' id='word_1_477' title='bbox 1434 2052 1559 2119; x_wconf 85' lang='lat' dir='ltr'>regendis</span> <span class='ocrx_word' id='word_1_478' title='bbox 1582 2055 1723 2123; x_wconf 76' lang='lat' dir='ltr'>president</span> <span class='ocrx_word' id='word_1_479' title='bbox 1740 2072 1789 2111; x_wconf 91' lang='lat' dir='ltr'>uu·</span> 
     </span>
     <span class='ocr_line' id='line_1_66' title="bbox 1000 2137 1111 2175; baseline -0.027 0"><span class='ocrx_word' id='word_1_480' title='bbox 1000 2137 1111 2175; x_wconf 78' lang='lat' dir='ltr'>nutriar</span> 
     </span>
    </p>

    <p class='ocr_par' dir='ltr' id='par_1_8' title="bbox 1000 2189 1793 2886">
     <span class='ocr_line' id='line_1_67' title="bbox 1036 2189 1788 2263; baseline 0.007 -19"><span class='ocrx_word' id='word_1_481' title='bbox 1036 2191 1064 2244; x_wconf 88' lang='lat' dir='ltr'>Si</span> <span class='ocrx_word' id='word_1_482' title='bbox 1077 2190 1157 2250; x_wconf 90' lang='lat' dir='ltr'>enim,</span> <span class='ocrx_word' id='word_1_483' title='bbox 1176 2189 1247 2244; x_wconf 89' lang='lat' dir='ltr'>sieut</span> <span class='ocrx_word' id='word_1_484' title='bbox 1266 2189 1404 2259; x_wconf 76' lang='lat' dir='ltr'>praemissa</span> <span class='ocrx_word' id='word_1_485' title='bbox 1418 2199 1571 2245; x_wconf 88' lang='lat' dir='ltr'>sanctorum</span> <span class='ocrx_word' id='word_1_486' title='bbox 1585 2201 1691 2263; x_wconf 90' lang='lat' dir='ltr'>patrum</span> <span class='ocrx_word' id='word_1_487' title='bbox 1706 2195 1788 2251; x_wconf 89' lang='lat' dir='ltr'>deeu-</span> 
     </span>
     <span class='ocr_line' id='line_1_68' title="bbox 1000 2259 1790 2330; baseline 0.005 -16"><span class='ocrx_word' id='word_1_488' title='bbox 1000 2269 1090 2315; x_wconf 87' lang='lat' dir='ltr'>meata</span> <span class='ocrx_word' id='word_1_489' title='bbox 1099 2259 1246 2323; x_wconf 83' lang='lat' dir='ltr'>declarant,</span> <span class='ocrx_word' id='word_1_490' title='bbox 1260 2261 1345 2313; x_wconf 91' lang='lat' dir='ltr'>saneti</span> <span class='ocrx_word' id='word_1_491' title='bbox 1359 2259 1446 2330; x_wconf 79' lang='lat' dir='ltr'>angeli</span> <span class='ocrx_word' id='word_1_492' title='bbox 1463 2268 1490 2313; x_wconf 90' lang='lat' dir='ltr'>et</span> <span class='ocrx_word' id='word_1_493' title='bbox 1501 2263 1586 2316; x_wconf 87' lang='lat' dir='ltr'>saneti</span> <span class='ocrx_word' id='word_1_494' title='bbox 1600 2263 1649 2317; x_wconf 84' lang='lat' dir='ltr'>riri</span> <span class='ocrx_word' id='word_1_495' title='bbox 1662 2279 1716 2320; x_wconf 91' lang='lat' dir='ltr'>nou</span> <span class='ocrx_word' id='word_1_496' title='bbox 1728 2273 1790 2319; x_wconf 88' lang='lat' dir='ltr'>suut</span> 
     </span>
     <span class='ocr_line' id='line_1_69' title="bbox 1000 2325 1789 2404; baseline 0.004 -21"><span class='ocrx_word' id='word_1_497' title='bbox 1000 2330 1105 2383; x_wconf 87' lang='lat' dir='ltr'>colendi</span> <span class='ocrx_word' id='word_1_498' title='bbox 1120 2343 1171 2383; x_wconf 88' lang='lat' dir='ltr'>nee</span> <span class='ocrx_word' id='word_1_499' title='bbox 1196 2325 1335 2393; x_wconf 85' lang='lat' dir='ltr'>adorandi,</span> <span class='ocrx_word' id='word_1_500' title='bbox 1362 2329 1413 2384; x_wconf 88' lang='lat' dir='ltr'>hue</span> <span class='ocrx_word' id='word_1_501' title='bbox 1436 2329 1509 2385; x_wconf 88' lang='lat' dir='ltr'>enlm</span> <span class='ocrx_word' id='word_1_502' title='bbox 1533 2339 1560 2384; x_wconf 90' lang='lat' dir='ltr'>et</span> <span class='ocrx_word' id='word_1_503' title='bbox 1575 2331 1624 2401; x_wconf 92' lang='lat' dir='ltr'>ipsi</span> <span class='ocrx_word' id='word_1_504' title='bbox 1646 2333 1789 2404; x_wconf 83' lang='lat' dir='ltr'>retugium,</span> 
     </span>
     <span class='ocr_line' id='line_1_70' title="bbox 1001 2397 1789 2467; baseline 0.003 -13"><span class='ocrx_word' id='word_1_505' title='bbox 1001 2399 1049 2454; x_wconf 88' lang='lat' dir='ltr'>seri</span> <span class='ocrx_word' id='word_1_506' title='bbox 1072 2398 1127 2452; x_wconf 91' lang='lat' dir='ltr'>sula</span> <span class='ocrx_word' id='word_1_507' title='bbox 1145 2397 1286 2464; x_wconf 88' lang='lat' dir='ltr'>charitate,</span> <span class='ocrx_word' id='word_1_508' title='bbox 1303 2414 1356 2453; x_wconf 92' lang='lat' dir='ltr'>nou</span> <span class='ocrx_word' id='word_1_509' title='bbox 1380 2407 1468 2453; x_wconf 86' lang='lat' dir='ltr'>autem</span> <span class='ocrx_word' id='word_1_510' title='bbox 1486 2401 1615 2456; x_wconf 75' lang='lat' dir='ltr'>seruitute</span> <span class='ocrx_word' id='word_1_511' title='bbox 1630 2401 1789 2467; x_wconf 87' lang='lat' dir='ltr'>honorandi,</span> 
     </span>
     <span class='ocr_line' id='line_1_71' title="bbox 1001 2468 1789 2539; baseline 0.004 -16"><span class='ocrx_word' id='word_1_512' title='bbox 1001 2483 1052 2524; x_wconf 89' lang='lat' dir='ltr'>nee</span> <span class='ocrx_word' id='word_1_513' title='bbox 1076 2469 1176 2524; x_wconf 81' lang='lat' dir='ltr'>sanetis</span> <span class='ocrx_word' id='word_1_514' title='bbox 1198 2470 1364 2539; x_wconf 76' lang='lat' dir='ltr'>martyribus</span> <span class='ocrx_word' id='word_1_515' title='bbox 1386 2468 1491 2539; x_wconf 90' lang='lat' dir='ltr'>templa,</span> <span class='ocrx_word' id='word_1_516' title='bbox 1507 2485 1583 2525; x_wconf 90' lang='lat' dir='ltr'>saera</span> <span class='ocrx_word' id='word_1_517' title='bbox 1605 2482 1631 2526; x_wconf 89' lang='lat' dir='ltr'>et</span> <span class='ocrx_word' id='word_1_518' title='bbox 1648 2474 1789 2537; x_wconf 87' lang='lat' dir='ltr'>sacriticia,</span> 
     </span>
     <span class='ocr_line' id='line_1_72' title="bbox 1001 2535 1791 2609; baseline 0.004 -14"><span class='ocrx_word' id='word_1_519' title='bbox 1001 2541 1048 2595; x_wconf 88' lang='lat' dir='ltr'>sed</span> <span class='ocrx_word' id='word_1_520' title='bbox 1068 2539 1119 2595; x_wconf 91' lang='lat' dir='ltr'>soli</span> <span class='ocrx_word' id='word_1_521' title='bbox 1143 2539 1199 2595; x_wconf 80' lang='lat' dir='ltr'>lieo</span> <span class='ocrx_word' id='word_1_522' title='bbox 1223 2535 1424 2600; x_wconf 79' lang='lat' dir='ltr'>constituenda,</span> <span class='ocrx_word' id='word_1_523' title='bbox 1452 2541 1601 2609; x_wconf 79' lang='lat' dir='ltr'>presertim</span> <span class='ocrx_word' id='word_1_524' title='bbox 1626 2557 1686 2597; x_wconf 91' lang='lat' dir='ltr'>enm</span> <span class='ocrx_word' id='word_1_525' title='bbox 1709 2543 1791 2598; x_wconf 86' lang='grc' dir='ltr'><strong>ιιοιιο-</strong></span> 
     </span>
     <span class='ocr_line' id='line_1_73' title="bbox 1002 2608 1793 2694; baseline 0.005 -31"><span class='ocrx_word' id='word_1_526' title='bbox 1002 2608 1080 2663; x_wconf 91' lang='lat' dir='ltr'>randi</span> <span class='ocrx_word' id='word_1_527' title='bbox 1095 2613 1150 2664; x_wconf 80' lang='lat' dir='ltr'>sint</span> <span class='ocrx_word' id='word_1_528' title='bbox 1161 2618 1273 2679; x_wconf 89' lang='lat' dir='ltr'>propter</span> <span class='ocrx_word' id='word_1_529' title='bbox 1289 2610 1475 2673; x_wconf 86' lang='lat' dir='ltr'>imitationem,</span> <span class='ocrx_word' id='word_1_530' title='bbox 1497 2625 1550 2663; x_wconf 89' lang='lat' dir='ltr'>nou</span> <span class='ocrx_word' id='word_1_531' title='bbox 1576 2611 1705 2668; x_wconf 87' lang='lat' dir='ltr'>adorandi</span> <span class='ocrx_word' id='word_1_532' title='bbox 1728 2627 1793 2694; x_wconf 84' lang='lat' dir='ltr'>pro·</span> 
     </span>
     <span class='ocr_line' id='line_1_74' title="bbox 1002 2677 1793 2750; baseline 0.005 -17"><span class='ocrx_word' id='word_1_533' title='bbox 1002 2687 1063 2748; x_wconf 89' lang='lat' dir='ltr'>pter</span> <span class='ocrx_word' id='word_1_534' title='bbox 1093 2677 1259 2748; x_wconf 86' lang='lat' dir='ltr'>religionem,</span> <span class='ocrx_word' id='word_1_535' title='bbox 1278 2692 1331 2748; x_wconf 91' lang='lat' dir='ltr'>qna</span> <span class='ocrx_word' id='word_1_536' title='bbox 1358 2679 1462 2733; x_wconf 90' lang='lat' dir='ltr'>ratione</span> <span class='ocrx_word' id='word_1_537' title='bbox 1493 2680 1602 2750; x_wconf 88' lang='lat' dir='ltr'>antiqua</span> <span class='ocrx_word' id='word_1_538' title='bbox 1632 2691 1793 2737; x_wconf 81' lang='lat' dir='ltr'>auctoritate</span> 
     </span>
     <span class='ocr_line' id='line_1_75' title="bbox 1003 2745 1792 2822; baseline 0.006 -20"><span class='ocrx_word' id='word_1_539' title='bbox 1003 2748 1144 2809; x_wconf 82' lang='lat' dir='ltr'>artomrio,</span> <span class='ocrx_word' id='word_1_540' title='bbox 1175 2749 1329 2812; x_wconf 88' lang='lat' dir='ltr'>incensum,</span> <span class='ocrx_word' id='word_1_541' title='bbox 1354 2745 1514 2813; x_wconf 88' lang='lat' dir='ltr'>luminaria,</span> <span class='ocrx_word' id='word_1_542' title='bbox 1540 2758 1567 2804; x_wconf 91' lang='lat' dir='ltr'>et</span> <span class='ocrx_word' id='word_1_543' title='bbox 1590 2761 1700 2815; x_wconf 76' lang='lat' dir='ltr'>caetera,</span> <span class='ocrx_word' id='word_1_544' title='bbox 1732 2766 1792 2822; x_wconf 84' lang='lat' dir='ltr'>qnae</span> 
     </span>
     <span class='ocr_line' id='line_1_76' title="bbox 1004 2817 1792 2886; baseline 0.008 -15"><span class='ocrx_word' id='word_1_545' title='bbox 1004 2819 1031 2871; x_wconf 93' lang='lat' dir='ltr'>in</span> <span class='ocrx_word' id='word_1_546' title='bbox 1042 2817 1155 2886; x_wconf 83' lang='lat' dir='ltr'>epistola</span> <span class='ocrx_word' id='word_1_547' title='bbox 1178 2818 1334 2873; x_wconf 82' lang='lat' dir='ltr'>Graecorum</span> <span class='ocrx_word' id='word_1_548' title='bbox 1351 2828 1563 2873; x_wconf 89' lang='lat' dir='ltr'>annumerantur</span> <span class='ocrx_word' id='word_1_549' title='bbox 1583 2820 1622 2875; x_wconf 90' lang='lat' dir='ltr'>eis</span> <span class='ocrx_word' id='word_1_550' title='bbox 1642 2820 1792 2876; x_wconf 84' lang='lat' dir='ltr'>exhibenda</span> 
     </span>
    </p>
   </div>
   <div class='ocr_carea' id='block_1_7' title="bbox 167 2887 1796 3362">
    <p class='ocr_par' dir='ltr' id='par_1_9' title="bbox 167 2887 1796 3362">
     <span class='ocr_line' id='line_1_77' title="bbox 167 2887 1795 2964; baseline 0.003 -23"><span class='ocrx_word' id='word_1_551' title='bbox 167 2899 224 2944; x_wconf 88' lang='lat' dir='ltr'>turn</span> <span class='ocrx_word' id='word_1_552' title='bbox 236 2890 425 2956; x_wconf 81' lang='lat' dir='ltr'>viritieautem.</span> <span class='ocrx_word' id='word_1_553' title='bbox 441 2892 494 2945; x_wconf 75' lang='lat' dir='ltr'>Nus</span> <span class='ocrx_word' id='word_1_554' title='bbox 504 2898 593 2944; x_wconf 89' lang='lat' dir='ltr'>autem</span> <span class='ocrx_word' id='word_1_555' title='bbox 607 2905 659 2944; x_wconf 92' lang='lat' dir='ltr'>nou</span> <span class='ocrx_word' id='word_1_556' title='bbox 672 2891 733 2944; x_wconf 89' lang='lat' dir='ltr'>dieu</span> <span class='ocrx_word' id='word_1_557' title='bbox 744 2900 894 2962; x_wconf 82' lang='lat' dir='ltr'>martyrum</span> <span class='ocrx_word' id='word_1_558' title='bbox 914 2907 955 2944; x_wconf 79' lang='lat' dir='ltr'>re</span> <span class='ocrx_word' id='word_1_559' title='bbox 1003 2888 1084 2942; x_wconf 85' lang='lat' dir='ltr'>sunt?</span> <span class='ocrx_word' id='word_1_560' title='bbox 1098 2887 1265 2964; x_wconf 81' lang='lat' dir='ltr'>Quapropter</span> <span class='ocrx_word' id='word_1_561' title='bbox 1273 2888 1372 2943; x_wconf 89' lang='lat' dir='ltr'>omissa</span> <span class='ocrx_word' id='word_1_562' title='bbox 1384 2887 1456 2944; x_wconf 91' lang='lat' dir='ltr'>omui</span> <span class='ocrx_word' id='word_1_563' title='bbox 1471 2890 1659 2958; x_wconf 82' lang='lat' dir='ltr'>superstitione</span> <span class='ocrx_word' id='word_1_564' title='bbox 1670 2892 1795 2947; x_wconf 87' lang='lat' dir='ltr'>convenit</span> 
     </span>
     <span class='ocr_line' id='line_1_78' title="bbox 169 2957 1794 3031; baseline 0.002 -19"><span class='ocrx_word' id='word_1_565' title='bbox 169 2959 275 3029; x_wconf 87' lang='lat' dir='ltr'>liquias,</span> <span class='ocrx_word' id='word_1_566' title='bbox 289 2961 336 3012; x_wconf 78' lang='lat' dir='ltr'>seat</span> <span class='ocrx_word' id='word_1_567' title='bbox 349 2975 382 3013; x_wconf 91' lang='lat' dir='ltr'>ne</span> <span class='ocrx_word' id='word_1_568' title='bbox 394 2962 478 3015; x_wconf 74' lang='lat' dir='ltr'>sillem</span> <span class='ocrx_word' id='word_1_569' title='bbox 491 2961 599 3030; x_wconf 79' lang='lat' dir='ltr'>quidem</span> <span class='ocrx_word' id='word_1_570' title='bbox 612 2969 639 3013; x_wconf 87' lang='lat' dir='ltr'>et</span> <span class='ocrx_word' id='word_1_571' title='bbox 651 2959 752 3024; x_wconf 90' lang='lat' dir='ltr'>lunam,</span> <span class='ocrx_word' id='word_1_572' title='bbox 766 2977 818 3015; x_wconf 89' lang='lat' dir='ltr'>non</span> <span class='ocrx_word' id='word_1_573' title='bbox 833 2961 951 3031; x_wconf 73' lang='lat' dir='ltr'>angelos,</span> <span class='ocrx_word' id='word_1_574' title='bbox 1004 2966 1105 3012; x_wconf 81' lang='lat' dir='ltr'>sancte</span> <span class='ocrx_word' id='word_1_575' title='bbox 1127 2959 1266 3015; x_wconf 72' lang='lat' dir='ltr'>catholicae</span> <span class='ocrx_word' id='word_1_576' title='bbox 1292 2964 1320 3011; x_wconf 88' lang='lat' dir='ltr'>et</span> <span class='ocrx_word' id='word_1_577' title='bbox 1341 2957 1494 3027; x_wconf 75' lang='lat' dir='ltr'>apostolicae</span> <span class='ocrx_word' id='word_1_578' title='bbox 1519 2958 1644 3017; x_wconf 79' lang='lat' dir='ltr'>Ecclesiae</span> <span class='ocrx_word' id='word_1_579' title='bbox 1670 2960 1794 3030; x_wconf 78' lang='lat' dir='ltr'>religioni</span> 
     </span>
     <span class='ocr_line' id='line_1_79' title="bbox 169 3017 1792 3098; baseline 0.002 -16"><span class='ocrx_word' id='word_1_580' title='bbox 169 3044 222 3082; x_wconf 92' lang='lat' dir='ltr'>non</span> <span class='ocrx_word' id='word_1_581' title='bbox 247 3029 429 3097; x_wconf 78' lang='lat' dir='ltr'>archangelus.</span> <span class='ocrx_word' id='word_1_582' title='bbox 451 3047 504 3085; x_wconf 91' lang='lat' dir='ltr'>nou</span> <span class='ocrx_word' id='word_1_583' title='bbox 527 3028 672 3098; x_wconf 76' lang='lat' dir='ltr'>seraphim,</span> <span class='ocrx_word' id='word_1_584' title='bbox 688 3045 741 3084; x_wconf 86' lang='lat' dir='ltr'>nou</span> <span class='ocrx_word' id='word_1_585' title='bbox 755 3031 906 3097; x_wconf 85' lang='lat' dir='ltr'>cherubim,</span> <span class='ocrx_word' id='word_1_586' title='bbox 927 3038 954 3083; x_wconf 86' lang='lat' dir='ltr'>et</span> <span class='ocrx_word' id='word_1_587' title='bbox 968 3017 990 3078; x_wconf 85' lang='lat' dir='ltr'>C</span> <span class='ocrx_word' id='word_1_588' title='bbox 1005 3043 1068 3097; x_wconf 86' lang='lat' dir='ltr'>erga</span> <span class='ocrx_word' id='word_1_589' title='bbox 1089 3036 1244 3083; x_wconf 87' lang='lat' dir='ltr'>sanctorum</span> <span class='ocrx_word' id='word_1_590' title='bbox 1262 3029 1394 3097; x_wconf 81' lang='lat' dir='ltr'>imagines</span> <span class='ocrx_word' id='word_1_591' title='bbox 1407 3029 1477 3083; x_wconf 88' lang='lat' dir='ltr'>harre</span> <span class='ocrx_word' id='word_1_592' title='bbox 1491 3029 1678 3086; x_wconf 85' lang='lat' dir='ltr'>discretionem</span> <span class='ocrx_word' id='word_1_593' title='bbox 1692 3040 1792 3094; x_wconf 83' lang='lat' dir='ltr'>tenere.</span> 
     </span>
     <span class='ocr_line' id='line_1_80' title="bbox 167 3096 1796 3181; baseline 0.001 -29"><span class='ocrx_word' id='word_1_594' title='bbox 167 3113 248 3153; x_wconf 88' lang='lat' dir='ltr'>omne</span> <span class='ocrx_word' id='word_1_595' title='bbox 264 3115 360 3154; x_wconf 85' lang='lat' dir='ltr'>norrteu</span> <span class='ocrx_word' id='word_1_596' title='bbox 374 3102 445 3168; x_wconf 85' lang='lat' dir='ltr'>qnod</span> <span class='ocrx_word' id='word_1_597' title='bbox 455 3100 620 3163; x_wconf 79' lang='lat' dir='ltr'>nuntientur,</span> <span class='ocrx_word' id='word_1_598' title='bbox 632 3106 660 3152; x_wconf 90' lang='lat' dir='ltr'>et</span> <span class='ocrx_word' id='word_1_599' title='bbox 673 3101 700 3154; x_wconf 93' lang='lat' dir='ltr'>in</span> <span class='ocrx_word' id='word_1_600' title='bbox 719 3101 842 3169; x_wconf 77' lang='lat' dir='ltr'>prasenti</span> <span class='ocrx_word' id='word_1_601' title='bbox 856 3102 959 3155; x_wconf 75' lang='lat' dir='ltr'>seculo</span> <span class='ocrx_word' id='word_1_602' title='bbox 1005 3098 1075 3153; x_wconf 89' lang='lat' dir='ltr'>sieut</span> <span class='ocrx_word' id='word_1_603' title='bbox 1085 3097 1200 3152; x_wconf 79' lang='lat' dir='ltr'>eximius</span> <span class='ocrx_word' id='word_1_604' title='bbox 1209 3096 1304 3153; x_wconf 90' lang='lat' dir='ltr'>doctor</span> <span class='ocrx_word' id='word_1_605' title='bbox 1315 3099 1410 3153; x_wconf 87' lang='lat' dir='ltr'>beatus</span> <span class='ocrx_word' id='word_1_606' title='bbox 1421 3111 1489 3167; x_wconf 88' lang='lat' dir='ltr'>papa</span> <span class='ocrx_word' id='word_1_607' title='bbox 1499 3097 1644 3169; x_wconf 87' lang='lat' dir='ltr'>Gregorius</span> <span class='ocrx_word' id='word_1_608' title='bbox 1658 3100 1757 3181; x_wconf 84' lang='lat' dir='ltr'>docuit,</span> <span class='ocrx_word' id='word_1_609' title='bbox 1768 3110 1796 3155; x_wconf 90' lang='lat' dir='ltr'>et</span> 
     </span>
     <span class='ocr_line' id='line_1_81' title="bbox 168 3167 1793 3241; baseline 0.002 -20"><span class='ocrx_word' id='word_1_610' title='bbox 168 3178 196 3221; x_wconf 89' lang='lat' dir='ltr'>et</span> <span class='ocrx_word' id='word_1_611' title='bbox 207 3169 234 3222; x_wconf 88' lang='lat' dir='ltr'>iu</span> <span class='ocrx_word' id='word_1_612' title='bbox 244 3167 334 3224; x_wconf 88' lang='lat' dir='ltr'>lutare</span> <span class='ocrx_word' id='word_1_613' title='bbox 344 3170 456 3225; x_wconf 87' lang='lat' dir='ltr'>colimus</span> <span class='ocrx_word' id='word_1_614' title='bbox 470 3182 497 3225; x_wconf 91' lang='lat' dir='ltr'>et</span> <span class='ocrx_word' id='word_1_615' title='bbox 510 3171 662 3234; x_wconf 90' lang='lat' dir='ltr'>adoramus,</span> <span class='ocrx_word' id='word_1_616' title='bbox 678 3188 710 3223; x_wconf 87' lang='lat' dir='ltr'>ue</span> <span class='ocrx_word' id='word_1_617' title='bbox 722 3172 871 3226; x_wconf 82' lang='lat' dir='ltr'>serriamus</span> <span class='ocrx_word' id='word_1_618' title='bbox 883 3186 956 3225; x_wconf 85' lang='lat' dir='ltr'>crea·</span> <span class='ocrx_word' id='word_1_619' title='bbox 1004 3168 1032 3221; x_wconf 90' lang='lat' dir='ltr'>ln</span> <span class='ocrx_word' id='word_1_620' title='bbox 1040 3167 1441 3237; x_wconf 88' lang='lat' dir='ltr'>suisseriptisuobistenendum</span> <span class='ocrx_word' id='word_1_621' title='bbox 1450 3177 1668 3240; x_wconf 85' lang='lat' dir='ltr'>sequendumque</span> <span class='ocrx_word' id='word_1_622' title='bbox 1675 3170 1793 3241; x_wconf 78' lang='lat' dir='ltr'>reliquit.</span> 
     </span>
     <span class='ocr_line' id='line_1_82' title="bbox 169 3238 1490 3362; baseline 0.002 -71"><span class='ocrx_word' id='word_1_623' title='bbox 169 3246 237 3291; x_wconf 70' lang='lat' dir='ltr'>turre</span> <span class='ocrx_word' id='word_1_624' title='bbox 260 3238 350 3308; x_wconf 88' lang='lat' dir='ltr'>potius</span> <span class='ocrx_word' id='word_1_625' title='bbox 376 3256 455 3308; x_wconf 91' lang='lat' dir='ltr'>qnam</span> <span class='ocrx_word' id='word_1_626' title='bbox 478 3240 676 3362; x_wconf 45' lang='lat' dir='ltr'>craimedarii</span> <span class='ocrx_word' id='word_1_627' title='bbox 694 3239 908 3296; x_wconf 88' lang='lat' dir='ltr'>estbenedictus</span> <span class='ocrx_word' id='word_1_628' title='bbox 927 3241 954 3296; x_wconf 93' lang='lat' dir='ltr'>in</span> <span class='ocrx_word' id='word_1_629' title='bbox 1301 3280 1416 3337; x_wconf 60' lang='lat' dir='ltr'>CAPUT</span> <span class='ocrx_word' id='word_1_630' title='bbox 1436 3281 1490 3336; x_wconf 44' lang='lat' dir='ltr'>vu·</span> 
     </span>
    </p>
   </div>
   <div class='ocr_carea' id='block_1_8' title="bbox 146 3305 1802 4283">
    <p class='ocr_par' dir='ltr' id='par_1_10' title="bbox 146 3305 1802 4283">
     <span class='ocr_line' id='line_1_83' title="bbox 170 3305 1717 3387; baseline 0.002 -26"><span class='ocrx_word' id='word_1_631' title='bbox 170 3305 277 3361; x_wconf 82' lang='lat' dir='ltr'>secula.</span> <span class='ocrx_word' id='word_1_632' title='bbox 299 3307 467 3361; x_wconf 80' lang='lat' dir='ltr'>Horroranms</span> <span class='ocrx_word' id='word_1_633' title='bbox 487 3319 575 3362; x_wconf 84' lang='lat' dir='ltr'>autem</span> <span class='ocrx_word' id='word_1_634' title='bbox 598 3323 626 3361; x_wconf 88' lang='lat' dir='ltr'>re</span> <span class='ocrx_word' id='word_1_635' title='bbox 648 3311 724 3379; x_wconf 61' lang='lat' dir='ltr'>,ruins</span> <span class='ocrx_word' id='word_1_636' title='bbox 747 3321 905 3382; x_wconf 83' lang='lat' dir='ltr'>martyrum,</span> <span class='ocrx_word' id='word_1_637' title='bbox 926 3320 956 3364; x_wconf 93' lang='lat' dir='ltr'>ut</span> <span class='ocrx_word' id='word_1_638' title='bbox 1036 3329 1039 3332; x_wconf 93' lang='lat'>·</span> <span class='ocrx_word' id='word_1_639' title='bbox 1093 3372 1126 3385; x_wconf 92' lang='lat'>..</span> <span class='ocrx_word' id='word_1_640' title='bbox 1346 3373 1373 3386; x_wconf 92' lang='lat'>..</span> <span class='ocrx_word' id='word_1_641' title='bbox 1711 3376 1717 3387; x_wconf 33' lang='grc'>1</span> 
     </span>
     <span class='ocr_line' id='line_1_84' title="bbox 170 3371 1796 3457; baseline 0 -28"><span class='ocrx_word' id='word_1_642' title='bbox 170 3390 232 3429; x_wconf 88' lang='lat' dir='ltr'>euru</span> <span class='ocrx_word' id='word_1_643' title='bbox 245 3373 322 3440; x_wconf 81' lang='lat' dir='ltr'>cujus</span> <span class='ocrx_word' id='word_1_644' title='bbox 335 3385 397 3429; x_wconf 89' lang='lat' dir='ltr'>sunt</span> <span class='ocrx_word' id='word_1_645' title='bbox 410 3385 541 3446; x_wconf 80' lang='lat' dir='ltr'>martyres</span> <span class='ocrx_word' id='word_1_646' title='bbox 554 3377 712 3443; x_wconf 85' lang='lat' dir='ltr'>adoremus;</span> <span class='ocrx_word' id='word_1_647' title='bbox 726 3379 889 3434; x_wconf 89' lang='lat' dir='ltr'>honoramus</span> <span class='ocrx_word' id='word_1_648' title='bbox 900 3396 956 3434; x_wconf 89' lang='lat' dir='ltr'>ser·</span> <span class='ocrx_word' id='word_1_649' title='bbox 1042 3371 1081 3455; x_wconf 61' lang='lat' dir='ltr'>Ne</span> <span class='ocrx_word' id='word_1_650' title='bbox 1093 3381 1175 3442; x_wconf 76' lang='lat' dir='ltr'>tgttttr</span> <span class='ocrx_word' id='word_1_651' title='bbox 1190 3387 1222 3427; x_wconf 81' lang='lat' dir='ltr'>ex</span> <span class='ocrx_word' id='word_1_652' title='bbox 1237 3381 1427 3456; x_wconf 80' lang='lat' dir='ltr'>superstrtrone</span> <span class='ocrx_word' id='word_1_653' title='bbox 1439 3380 1485 3427; x_wconf 89' lang='lat' dir='ltr'>aut</span> <span class='ocrx_word' id='word_1_654' title='bbox 1501 3388 1533 3429; x_wconf 88' lang='lat' dir='ltr'>err</span> <span class='ocrx_word' id='word_1_655' title='bbox 1546 3373 1665 3453; x_wconf 74' lang='lat' dir='ltr'>qualmet</span> <span class='ocrx_word' id='word_1_656' title='bbox 1683 3374 1735 3429; x_wconf 88' lang='lat' dir='ltr'>alra</span> <span class='ocrx_word' id='word_1_657' title='bbox 1748 3391 1796 3457; x_wconf 83' lang='lat' dir='ltr'>oc-</span> 
     </span>
     <span class='ocr_line' id='line_1_85' title="bbox 171 3441 1797 3526; baseline 0.005 -31"><span class='ocrx_word' id='word_1_658' title='bbox 171 3459 229 3505; x_wconf 81' lang='lat' dir='ltr'>vos,</span> <span class='ocrx_word' id='word_1_659' title='bbox 244 3451 274 3495; x_wconf 86' lang='lat' dir='ltr'>nt</span> <span class='ocrx_word' id='word_1_660' title='bbox 286 3446 371 3498; x_wconf 76' lang='lat' dir='ltr'>troam</span> <span class='ocrx_word' id='word_1_661' title='bbox 384 3459 522 3499; x_wconf 79' lang='lat' dir='ltr'>servamur</span> <span class='ocrx_word' id='word_1_662' title='bbox 537 3445 667 3499; x_wconf 70' lang='lat' dir='ltr'>amanter</span> <span class='ocrx_word' id='word_1_663' title='bbox 682 3449 715 3500; x_wconf 83' lang='lat' dir='ltr'>an</span> <span class='ocrx_word' id='word_1_664' title='bbox 726 3447 878 3512; x_wconf 58' lang='lat' dir='ltr'>Mutuum,</span> <span class='ocrx_word' id='word_1_665' title='bbox 893 3450 957 3517; x_wconf 83' lang='lat' dir='ltr'>quta</span> <span class='ocrx_word' id='word_1_666' title='bbox 1007 3457 1116 3496; x_wconf 73' lang='lat' dir='ltr'>manae</span> <span class='ocrx_word' id='word_1_667' title='bbox 1138 3443 1264 3496; x_wconf 78' lang='lat' dir='ltr'>seandala</span> <span class='ocrx_word' id='word_1_668' title='bbox 1288 3442 1481 3522; x_wconf 71' lang='lat' dir='ltr'>radamantus</span> <span class='ocrx_word' id='word_1_669' title='bbox 1504 3441 1632 3524; x_wconf 65' lang='lat' dir='ltr'>l&#39;llf&#39;l’fli</span> <span class='ocrx_word' id='word_1_670' title='bbox 1654 3457 1797 3526; x_wconf 71' lang='lat' dir='ltr'>prevenire</span> 
     </span>
     <span class='ocr_line' id='line_1_86' title="bbox 191 3511 1799 3585; baseline 0.004 -22"><span class='ocrx_word' id='word_1_671' title='bbox 191 3514 216 3566; x_wconf 84' lang='grc' dir='ltr'>ιιι</span> <span class='ocrx_word' id='word_1_672' title='bbox 227 3527 270 3565; x_wconf 87' lang='lat' dir='ltr'>uer</span> <span class='ocrx_word' id='word_1_673' title='bbox 281 3513 397 3583; x_wconf 81' lang='lat' dir='ltr'>suscipit,</span> <span class='ocrx_word' id='word_1_674' title='bbox 412 3529 451 3566; x_wconf 87' lang='lat' dir='ltr'>ate</span> <span class='ocrx_word' id='word_1_675' title='bbox 467 3514 584 3582; x_wconf 80' lang='lat' dir='ltr'>suscipit.</span> <span class='ocrx_word' id='word_1_676' title='bbox 604 3533 613 3564; x_wconf 87' lang='grc' dir='ltr'><strong>ι</strong></span> <span class='ocrx_word' id='word_1_677' title='bbox 627 3543 662 3552; x_wconf 88' lang='grc'>--</span> <span class='ocrx_word' id='word_1_678' title='bbox 677 3513 749 3569; x_wconf 72' lang='lat' dir='ltr'>licut</span> <span class='ocrx_word' id='word_1_679' title='bbox 762 3516 819 3585; x_wconf 91' lang='lat' dir='ltr'>ipse</span> <span class='ocrx_word' id='word_1_680' title='bbox 829 3519 957 3571; x_wconf 75' lang='lat' dir='ltr'>adsersus</span> <span class='ocrx_word' id='word_1_681' title='bbox 1006 3518 1125 3579; x_wconf 67' lang='lat' dir='ltr'>possent.</span> <span class='ocrx_word' id='word_1_682' title='bbox 1144 3511 1196 3565; x_wconf 69' lang='lat' dir='ltr'>hot?</span> <span class='ocrx_word' id='word_1_683' title='bbox 1209 3525 1379 3579; x_wconf 74' lang='lat' dir='ltr'>summopere</span> <span class='ocrx_word' id='word_1_684' title='bbox 1392 3520 1476 3565; x_wconf 73' lang='lat' dir='ltr'>sancit</span> <span class='ocrx_word' id='word_1_685' title='bbox 1490 3526 1539 3565; x_wconf 82' lang='lat' dir='ltr'>ttrt</span> <span class='ocrx_word' id='word_1_686' title='bbox 1552 3515 1662 3581; x_wconf 81' lang='lat' dir='ltr'>provida</span> <span class='ocrx_word' id='word_1_687' title='bbox 1675 3517 1799 3570; x_wconf 86' lang='lat' dir='ltr'>eonstde-</span> 
     </span>
     <span class='ocr_line' id='line_1_87' title="bbox 171 3530 1799 3661; baseline 0.002 -27"><span class='ocrx_word' id='word_1_688' title='bbox 171 3530 357 3652; x_wconf 65' lang='lat' dir='ltr'>lligilantium.</span> <span class='ocrx_word' id='word_1_689' title='bbox 370 3604 378 3633; x_wconf 77' lang='lat' dir='ltr'>r</span> <span class='ocrx_word' id='word_1_690' title='bbox 391 3582 958 3656; x_wconf 76' lang='lat' dir='ltr'>erisenim,einsauumcapat,aliqnaudo</span> <span class='ocrx_word' id='word_1_691' title='bbox 1008 3583 1114 3634; x_wconf 87' lang='lat' dir='ltr'>ratione</span> <span class='ocrx_word' id='word_1_692' title='bbox 1137 3580 1223 3634; x_wconf 77' lang='lat' dir='ltr'>vitare</span> <span class='ocrx_word' id='word_1_693' title='bbox 1247 3582 1416 3645; x_wconf 87' lang='lat' dir='ltr'>studuerunt,</span> <span class='ocrx_word' id='word_1_694' title='bbox 1434 3589 1461 3634; x_wconf 93' lang='lat' dir='ltr'>et</span> <span class='ocrx_word' id='word_1_695' title='bbox 1485 3581 1564 3661; x_wconf 76' lang='lat' dir='ltr'>dietas</span> <span class='ocrx_word' id='word_1_696' title='bbox 1587 3580 1719 3653; x_wconf 86' lang='lat' dir='ltr'>laetisque</span> <span class='ocrx_word' id='word_1_697' title='bbox 1741 3588 1799 3639; x_wconf 89' lang='lat' dir='ltr'>suis</span> 
     </span>
     <span class='ocr_line' id='line_1_88' title="bbox 171 3649 1761 3723; baseline 0 -17"><span class='ocrx_word' id='word_1_698' title='bbox 171 3660 305 3722; x_wconf 82' lang='lat' dir='ltr'>martyres</span> <span class='ocrx_word' id='word_1_699' title='bbox 320 3654 459 3709; x_wconf 79' lang='lat' dir='ltr'>adoravit?</span> <span class='ocrx_word' id='word_1_700' title='bbox 483 3652 548 3720; x_wconf 87' lang='lat' dir='ltr'>Quis</span> <span class='ocrx_word' id='word_1_701' title='bbox 570 3652 704 3707; x_wconf 88' lang='lat' dir='ltr'>bominem</span> <span class='ocrx_word' id='word_1_702' title='bbox 728 3656 831 3723; x_wconf 90' lang='lat' dir='ltr'>putarit</span> <span class='ocrx_word' id='word_1_703' title='bbox 857 3655 958 3709; x_wconf 75' lang='lat' dir='ltr'>beura?</span> <span class='ocrx_word' id='word_1_704' title='bbox 1007 3650 1087 3703; x_wconf 90' lang='lat' dir='ltr'>nohis</span> <span class='ocrx_word' id='word_1_705' title='bbox 1099 3649 1235 3702; x_wconf 80' lang='lat' dir='ltr'>vitandum</span> <span class='ocrx_word' id='word_1_706' title='bbox 1251 3663 1441 3719; x_wconf 80' lang='lat' dir='ltr'>usquequaque</span> <span class='ocrx_word' id='word_1_707' title='bbox 1456 3651 1594 3704; x_wconf 79' lang='lat' dir='ltr'>evidenter</span> <span class='ocrx_word' id='word_1_708' title='bbox 1608 3654 1761 3706; x_wconf 87' lang='lat' dir='ltr'>ostendunt.</span> 
     </span>
     <span class='ocr_line' id='line_1_89' title="bbox 171 3715 1799 3803; baseline -0.001 -26"><span class='ocrx_word' id='word_1_709' title='bbox 171 3736 261 3777; x_wconf 85' lang='lat' dir='ltr'>nonrve</span> <span class='ocrx_word' id='word_1_710' title='bbox 275 3720 374 3778; x_wconf 84' lang='lat' dir='ltr'>Paulus</span> <span class='ocrx_word' id='word_1_711' title='bbox 387 3732 415 3778; x_wconf 91' lang='lat' dir='ltr'>et</span> <span class='ocrx_word' id='word_1_712' title='bbox 427 3723 573 3785; x_wconf 73' lang='lat' dir='ltr'>baratarius,</span> <span class='ocrx_word' id='word_1_713' title='bbox 588 3738 648 3775; x_wconf 84' lang='lat' dir='ltr'>euru</span> <span class='ocrx_word' id='word_1_714' title='bbox 670 3722 838 3793; x_wconf 78' lang='lat' dir='ltr'>Lyeauuibus</span> <span class='ocrx_word' id='word_1_715' title='bbox 854 3723 959 3794; x_wconf 83' lang='lat' dir='ltr'>Jupiter</span> <span class='ocrx_word' id='word_1_716' title='bbox 1045 3717 1196 3800; x_wconf 68' lang='lat' dir='ltr'>illucendo</span> <span class='ocrx_word' id='word_1_717' title='bbox 1214 3719 1310 3798; x_wconf 69' lang='lat' dir='ltr'>bertus</span> <span class='ocrx_word' id='word_1_718' title='bbox 1322 3718 1487 3802; x_wconf 61' lang='lat' dir='ltr'>augustinus</span> <span class='ocrx_word' id='word_1_719' title='bbox 1504 3721 1531 3801; x_wconf 81' lang='lat' dir='ltr'>in</span> <span class='ocrx_word' id='word_1_720' title='bbox 1549 3719 1618 3774; x_wconf 81' lang='lat' dir='ltr'>lihro</span> <span class='ocrx_word' id='word_1_721' title='bbox 1631 3724 1707 3803; x_wconf 62' lang='lat' dir='ltr'>rude</span> <span class='ocrx_word' id='word_1_722' title='bbox 1727 3715 1799 3776; x_wconf 86' lang='lat' dir='ltr'>Ciri-</span> 
     </span>
     <span class='ocr_line' id='line_1_90' title="bbox 172 3786 1799 3869; baseline 0.004 -24"><span class='ocrx_word' id='word_1_723' title='bbox 172 3799 200 3845; x_wconf 88' lang='lat' dir='ltr'>et</span> <span class='ocrx_word' id='word_1_724' title='bbox 213 3790 362 3847; x_wconf 81' lang='lat' dir='ltr'>llerenrlus</span> <span class='ocrx_word' id='word_1_725' title='bbox 373 3801 541 3864; x_wconf 88' lang='lat' dir='ltr'>putarentur,</span> <span class='ocrx_word' id='word_1_726' title='bbox 550 3800 576 3847; x_wconf 90' lang='lat' dir='ltr'>et</span> <span class='ocrx_word' id='word_1_727' title='bbox 586 3792 626 3845; x_wconf 91' lang='lat' dir='ltr'>eis</span> <span class='ocrx_word' id='word_1_728' title='bbox 638 3792 734 3846; x_wconf 87' lang='lat' dir='ltr'>vellent</span> <span class='ocrx_word' id='word_1_729' title='bbox 749 3795 851 3849; x_wconf 89' lang='lat' dir='ltr'>hostius</span> <span class='ocrx_word' id='word_1_730' title='bbox 864 3796 960 3848; x_wconf 83' lang='lat' dir='ltr'>intutu·</span> <span class='ocrx_word' id='word_1_731' title='bbox 1009 3794 1065 3868; x_wconf 73' lang='lat' dir='ltr'>tate</span> <span class='ocrx_word' id='word_1_732' title='bbox 1079 3788 1124 3869; x_wconf 72' lang='lat' dir='ltr'>liet</span> <span class='ocrx_word' id='word_1_733' title='bbox 1141 3805 1147 3838; x_wconf 76' lang='grc' dir='ltr'>ε</span> <span class='ocrx_word' id='word_1_734' title='bbox 1166 3805 1175 3835; x_wconf 81' lang='lat' dir='ltr'>r</span> <span class='ocrx_word' id='word_1_735' title='bbox 1193 3786 1316 3855; x_wconf 63' lang='lat' dir='ltr'>Maiores,</span> <span class='ocrx_word' id='word_1_736' title='bbox 1330 3797 1429 3858; x_wconf 88' lang='lat' dir='ltr'>rnqun,</span> <span class='ocrx_word' id='word_1_737' title='bbox 1442 3797 1539 3855; x_wconf 81' lang='lat' dir='ltr'>nostri,</span> <span class='ocrx_word' id='word_1_738' title='bbox 1554 3801 1799 3860; x_wconf 88' lang='lat' dir='ltr'>superstruenema</span> 
     </span>
     <span class='ocr_line' id='line_1_91' title="bbox 173 3856 1625 3941; baseline -0.003 -27"><span class='ocrx_word' id='word_1_739' title='bbox 173 3859 961 3932; x_wconf 72' lang='lat' dir='ltr'>lareldct.atr),scideruattestimeutasna,etsehorui·</span> <span class='ocrx_word' id='word_1_740' title='bbox 1010 3856 1386 3938; x_wconf 67' lang='lat' dir='ltr'>religionescparareranr.»</span> <span class='ocrx_word' id='word_1_741' title='bbox 1435 3928 1469 3940; x_wconf 91' lang='lat'>..</span> <span class='ocrx_word' id='word_1_742' title='bbox 1580 3926 1625 3941; x_wconf 90' lang='lat'>..</span> 
     </span>
     <span class='ocr_line' id='line_1_92' title="bbox 174 3926 1798 4012; baseline 0.001 -28"><span class='ocrx_word' id='word_1_743' title='bbox 174 3945 222 3984; x_wconf 87' lang='lat' dir='ltr'>nes</span> <span class='ocrx_word' id='word_1_744' title='bbox 233 3944 294 3984; x_wconf 44' lang='lat' dir='ltr'>csse</span> <span class='ocrx_word' id='word_1_745' title='bbox 308 3930 443 3994; x_wconf 81' lang='lat' dir='ltr'>dixerunt,</span> <span class='ocrx_word' id='word_1_746' title='bbox 459 3948 510 3986; x_wconf 75' lang='lat' dir='ltr'>raon</span> <span class='ocrx_word' id='word_1_747' title='bbox 525 3948 578 4001; x_wconf 91' lang='lat' dir='ltr'>quo</span> <span class='ocrx_word' id='word_1_748' title='bbox 592 3931 716 3986; x_wconf 85' lang='lat' dir='ltr'>meliores</span> <span class='ocrx_word' id='word_1_749' title='bbox 727 3948 780 3986; x_wconf 90' lang='lat' dir='ltr'>non</span> <span class='ocrx_word' id='word_1_750' title='bbox 792 3942 883 3990; x_wconf 74' lang='lat' dir='ltr'>emerit</span> <span class='ocrx_word' id='word_1_751' title='bbox 895 3932 960 3987; x_wconf 91' lang='lat' dir='ltr'>olim</span> <span class='ocrx_word' id='word_1_752' title='bbox 1028 3927 1112 4009; x_wconf 41' lang='lat' dir='ltr'>&#39;item</span> <span class='ocrx_word' id='word_1_753' title='bbox 1127 3927 1196 4007; x_wconf 76' lang='lat' dir='ltr'>idem</span> <span class='ocrx_word' id='word_1_754' title='bbox 1213 3942 1239 3980; x_wconf 91' lang='lat' dir='ltr'>m</span> <span class='ocrx_word' id='word_1_755' title='bbox 1252 3926 1320 3982; x_wconf 78' lang='lat' dir='ltr'>libro</span> <span class='ocrx_word' id='word_1_756' title='bbox 1337 3943 1353 3981; x_wconf 82' lang='lat' dir='ltr'>a</span> <span class='ocrx_word' id='word_1_757' title='bbox 1367 3927 1400 3983; x_wconf 88' lang='lat' dir='ltr'>de</span> <span class='ocrx_word' id='word_1_758' title='bbox 1412 3927 1528 3983; x_wconf 83' lang='lat' dir='ltr'>Crrrtate</span> <span class='ocrx_word' id='word_1_759' title='bbox 1540 3928 1587 3983; x_wconf 80' lang='lat' dir='ltr'>lter</span> <span class='ocrx_word' id='word_1_760' title='bbox 1601 3928 1720 4012; x_wconf 77' lang='lat' dir='ltr'>eusdem</span> <span class='ocrx_word' id='word_1_761' title='bbox 1733 3946 1798 4000; x_wconf 91' lang='lat' dir='ltr'>ope·</span> 
     </span>
     <span class='ocr_line' id='line_1_93' title="bbox 175 3995 1798 4079; baseline 0.001 -26"><span class='ocrx_word' id='word_1_762' title='bbox 175 3999 288 4055; x_wconf 88' lang='lat' dir='ltr'>mortuis</span> <span class='ocrx_word' id='word_1_763' title='bbox 305 4000 458 4056; x_wconf 89' lang='lat' dir='ltr'>hominihus</span> <span class='ocrx_word' id='word_1_764' title='bbox 472 4000 538 4056; x_wconf 89' lang='lat' dir='ltr'>leve</span> <span class='ocrx_word' id='word_1_765' title='bbox 559 4012 640 4069; x_wconf 89' lang='lat' dir='ltr'>atque</span> <span class='ocrx_word' id='word_1_766' title='bbox 662 4001 808 4064; x_wconf 83' lang='lat' dir='ltr'>llereurio,</span> <span class='ocrx_word' id='word_1_767' title='bbox 824 4003 870 4059; x_wconf 89' lang='lat' dir='ltr'>sed</span> <span class='ocrx_word' id='word_1_768' title='bbox 889 4003 960 4070; x_wconf 88' lang='lat' dir='ltr'>qnod</span> <span class='ocrx_word' id='word_1_769' title='bbox 1011 4011 1069 4050; x_wconf 80' lang='lat' dir='ltr'>trs:</span> <span class='ocrx_word' id='word_1_770' title='bbox 1087 3995 1239 4078; x_wconf 37' lang='lat' dir='ltr'>t&#39;Lessttttus</span> <span class='ocrx_word' id='word_1_771' title='bbox 1250 4004 1402 4066; x_wconf 77' lang='lat' dir='ltr'>serpentum</span> <span class='ocrx_word' id='word_1_772' title='bbox 1414 4013 1520 4079; x_wconf 83' lang='lat' dir='ltr'>nrorsns</span> <span class='ocrx_word' id='word_1_773' title='bbox 1530 4007 1608 4054; x_wconf 79' lang='lat' dir='ltr'>morti</span> <span class='ocrx_word' id='word_1_774' title='bbox 1620 4014 1798 4070; x_wconf 84' lang='lat' dir='ltr'>eretpoeuam</span> 
     </span>
     <span class='ocr_line' id='line_1_94' title="bbox 146 4066 1802 4153; baseline 0.002 -30"><span class='ocrx_word' id='word_1_775' title='bbox 146 4077 148 4080; x_wconf 79' lang='grc'><em>’</em></span> <span class='ocrx_word' id='word_1_776' title='bbox 174 4071 225 4124; x_wconf 86' lang='lat' dir='ltr'>sub</span> <span class='ocrx_word' id='word_1_777' title='bbox 236 4069 394 4140; x_wconf 83' lang='lat' dir='ltr'>gentilitatis</span> <span class='ocrx_word' id='word_1_778' title='bbox 407 4087 499 4126; x_wconf 85' lang='lat' dir='ltr'>errore</span> <span class='ocrx_word' id='word_1_779' title='bbox 512 4073 597 4126; x_wconf 86' lang='lat' dir='ltr'>lronor</span> <span class='ocrx_word' id='word_1_780' title='bbox 610 4072 650 4125; x_wconf 92' lang='lat' dir='ltr'>eis</span> <span class='ocrx_word' id='word_1_781' title='bbox 662 4070 715 4126; x_wconf 89' lang='lat' dir='ltr'>l)eo</span> <span class='ocrx_word' id='word_1_782' title='bbox 726 4073 831 4128; x_wconf 89' lang='lat' dir='ltr'>debitus</span> <span class='ocrx_word' id='word_1_783' title='bbox 844 4071 962 4128; x_wconf 82' lang='lat' dir='ltr'>deterre·</span> <span class='ocrx_word' id='word_1_784' title='bbox 1008 4066 1185 4136; x_wconf 67' lang='lat' dir='ltr'>jerarissnuam</span> <span class='ocrx_word' id='word_1_785' title='bbox 1202 4074 1373 4134; x_wconf 68' lang='lat' dir='ltr'>peccalorum</span> <span class='ocrx_word' id='word_1_786' title='bbox 1388 4069 1414 4122; x_wconf 84' lang='lat' dir='ltr'>lu</span> <span class='ocrx_word' id='word_1_787' title='bbox 1426 4067 1499 4140; x_wconf 74' lang='lat' dir='ltr'>ltgno</span> <span class='ocrx_word' id='word_1_788' title='bbox 1513 4069 1630 4124; x_wconf 77' lang='lat' dir='ltr'>exaltato</span> <span class='ocrx_word' id='word_1_789' title='bbox 1645 4077 1725 4140; x_wconf 81' lang='lat' dir='ltr'>atque</span> <span class='ocrx_word' id='word_1_790' title='bbox 1737 4085 1802 4153; x_wconf 81' lang='lat' dir='ltr'>pro·</span> 
     </span>
     <span class='ocr_line' id='line_1_95' title="bbox 150 4139 1801 4217; baseline 0.002 -24"><span class='ocrx_word' id='word_1_791' title='bbox 150 4143 153 4148; x_wconf 71' lang='lat'>‘</span> <span class='ocrx_word' id='word_1_792' title='bbox 175 4147 229 4203; x_wconf 91' lang='lat' dir='ltr'>tur,</span> <span class='ocrx_word' id='word_1_793' title='bbox 246 4140 317 4208; x_wconf 88' lang='lat' dir='ltr'>quod</span> <span class='ocrx_word' id='word_1_794' title='bbox 330 4144 401 4196; x_wconf 88' lang='lat' dir='ltr'>etde</span> <span class='ocrx_word' id='word_1_795' title='bbox 414 4140 632 4210; x_wconf 76' lang='lat' dir='ltr'>Petrolnginms,</span> <span class='ocrx_word' id='word_1_796' title='bbox 645 4141 854 4209; x_wconf 84' lang='lat' dir='ltr'>quiCornelimn</span> <span class='ocrx_word' id='word_1_797' title='bbox 867 4159 897 4197; x_wconf 88' lang='lat' dir='ltr'>se</span> <span class='ocrx_word' id='word_1_798' title='bbox 917 4144 962 4198; x_wconf 84' lang='lat' dir='ltr'>ad·</span> <span class='ocrx_word' id='word_1_799' title='bbox 1012 4143 1104 4207; x_wconf 72' lang='lat' dir='ltr'>specto</span> <span class='ocrx_word' id='word_1_800' title='bbox 1118 4148 1193 4217; x_wconf 56' lang='lat'><strong>{290⁰</strong></span> <span class='ocrx_word' id='word_1_801' title='bbox 1205 4144 1329 4205; x_wconf 59' lang='lat' dir='ltr'>semente</span> <span class='ocrx_word' id='word_1_802' title='bbox 1344 4145 1461 4202; x_wconf 67' lang='lat' dir='ltr'>sanatos,</span> <span class='ocrx_word' id='word_1_803' title='bbox 1480 4145 1507 4192; x_wconf 81' lang='lat'>1¹1</span> <span class='ocrx_word' id='word_1_804' title='bbox 1521 4146 1548 4192; x_wconf 74' lang='lat' dir='ltr'>tl</span> <span class='ocrx_word' id='word_1_805' title='bbox 1561 4139 1659 4209; x_wconf 79' lang='lat' dir='ltr'>populo</span> <span class='ocrx_word' id='word_1_806' title='bbox 1675 4141 1801 4196; x_wconf 87' lang='lat' dir='ltr'>subvem-</span> 
     </span>
     <span class='ocr_line' id='line_1_96' title="bbox 175 4204 1801 4283; baseline 0.002 -20"><span class='ocrx_word' id='word_1_807' title='bbox 175 4223 254 4263; x_wconf 88' lang='lat' dir='ltr'>orare</span> <span class='ocrx_word' id='word_1_808' title='bbox 270 4212 432 4279; x_wconf 85' lang='lat' dir='ltr'>cupientem,</span> <span class='ocrx_word' id='word_1_809' title='bbox 443 4226 523 4265; x_wconf 89' lang='lat' dir='ltr'>marm</span> <span class='ocrx_word' id='word_1_810' title='bbox 545 4210 693 4266; x_wconf 82' lang='lat' dir='ltr'>sublevarit</span> <span class='ocrx_word' id='word_1_811' title='bbox 712 4220 739 4264; x_wconf 92' lang='lat' dir='ltr'>et</span> <span class='ocrx_word' id='word_1_812' title='bbox 756 4212 823 4266; x_wconf 79' lang='lat' dir='ltr'>dixit</span> <span class='ocrx_word' id='word_1_813' title='bbox 841 4226 849 4267; x_wconf 79' lang='lat' dir='ltr'><strong><em>z</em></strong></span> <span class='ocrx_word' id='word_1_814' title='bbox 865 4213 960 4283; x_wconf 83' lang='lat' dir='ltr'>Surge,</span> <span class='ocrx_word' id='word_1_815' title='bbox 1013 4214 1088 4261; x_wconf 79' lang='lat' dir='ltr'>telttt</span> <span class='ocrx_word' id='word_1_816' title='bbox 1098 4204 1205 4267; x_wconf 61' lang='lat' dir='ltr'>effltctor</span> <span class='ocrx_word' id='word_1_817' title='bbox 1220 4214 1247 4260; x_wconf 75' lang='lat' dir='ltr'>tt</span> <span class='ocrx_word' id='word_1_818' title='bbox 1261 4221 1333 4262; x_wconf 76' lang='lat' dir='ltr'>mort</span> <span class='ocrx_word' id='word_1_819' title='bbox 1347 4216 1432 4261; x_wconf 71' lang='lat' dir='ltr'>morte</span> <span class='ocrx_word' id='word_1_820' title='bbox 1446 4209 1592 4273; x_wconf 79' lang='lat' dir='ltr'>destructa.</span> <span class='ocrx_word' id='word_1_821' title='bbox 1615 4209 1657 4264; x_wconf 78' lang='lat' dir='ltr'>tel</span> <span class='ocrx_word' id='word_1_822' title='bbox 1672 4219 1700 4263; x_wconf 86' lang='lat' dir='ltr'>ot</span> <span class='ocrx_word' id='word_1_823' title='bbox 1713 4211 1801 4266; x_wconf 84' lang='lat' dir='ltr'>eruet·</span> 
     </span>
    </p>
   </div>
   <div class='ocr_carea' id='block_1_9' title="bbox 176 4279 673 4351">
    <p class='ocr_par' dir='ltr' id='par_1_11' title="bbox 176 4279 673 4351">
     <span class='ocr_line' id='line_1_97' title="bbox 176 4279 673 4351; baseline 0.002 -19"><span class='ocrx_word' id='word_1_824' title='bbox 176 4294 237 4332; x_wconf 85' lang='lat' dir='ltr'>num</span> <span class='ocrx_word' id='word_1_825' title='bbox 252 4290 274 4331; x_wconf 81' lang='lat' dir='ltr'>et</span> <span class='ocrx_word' id='word_1_826' title='bbox 289 4297 336 4348; x_wconf 81' lang='lat' dir='ltr'>eqo</span> <span class='ocrx_word' id='word_1_827' title='bbox 348 4281 425 4333; x_wconf 84' lang='lat' dir='ltr'>ltorrtu</span> <span class='ocrx_word' id='word_1_828' title='bbox 436 4297 504 4333; x_wconf 85' lang='lat' dir='ltr'>rant.</span> <span class='ocrx_word' id='word_1_829' title='bbox 520 4302 529 4332; x_wconf 81' lang='lat' dir='ltr'>r</span> <span class='ocrx_word' id='word_1_830' title='bbox 548 4283 617 4351; x_wconf 76' lang='lat' dir='ltr'>(det.</span> <span class='ocrx_word' id='word_1_831' title='bbox 631 4279 673 4350; x_wconf 76' lang='lat' dir='ltr'>a.)</span> 
     </span>
    </p>
   </div>
   <div class='ocr_carea' id='block_1_10' title="bbox 1013 4275 1803 4350">
    <p class='ocr_par' dir='ltr' id='par_1_12' title="bbox 1013 4275 1803 4350">
     <span class='ocr_line' id='line_1_98' title="bbox 1013 4275 1803 4350; baseline 0.008 -20"><span class='ocrx_word' id='word_1_832' title='bbox 1013 4276 1074 4330; x_wconf 83' lang='lat' dir='ltr'>tlrae</span> <span class='ocrx_word' id='word_1_833' title='bbox 1087 4276 1182 4331; x_wconf 92' lang='lat' dir='ltr'>mortis</span> <span class='ocrx_word' id='word_1_834' title='bbox 1195 4275 1369 4331; x_wconf 85' lang='lat' dir='ltr'>similitudine</span> <span class='ocrx_word' id='word_1_835' title='bbox 1382 4278 1542 4347; x_wconf 84' lang='lat' dir='ltr'>signaretur.</span> <span class='ocrx_word' id='word_1_836' title='bbox 1561 4278 1644 4346; x_wconf 85' lang='lat' dir='ltr'>Quem</span> <span class='ocrx_word' id='word_1_837' title='bbox 1664 4294 1729 4335; x_wconf 89' lang='lat' dir='ltr'>sane</span> <span class='ocrx_word' id='word_1_838' title='bbox 1745 4295 1803 4350; x_wconf 85' lang='lat' dir='ltr'>ser·</span> 
     </span>
    </p>
   </div>
   <div class='ocr_carea' id='block_1_11' title="bbox 210 4345 1800 4467">
    <p class='ocr_par' dir='ltr' id='par_1_13' title="bbox 210 4345 1800 4467">
     <span class='ocr_line' id='line_1_99' title="bbox 210 4345 1800 4467; baseline 0.001 -65"><span class='ocrx_word' id='word_1_839' title='bbox 210 4347 376 4417; x_wconf 75' lang='lat' dir='ltr'>Augustinus</span> <span class='ocrx_word' id='word_1_840' title='bbox 389 4351 416 4404; x_wconf 92' lang='lat' dir='ltr'>in</span> <span class='ocrx_word' id='word_1_841' title='bbox 434 4350 502 4404; x_wconf 86' lang='lat' dir='ltr'>libro</span> <span class='ocrx_word' id='word_1_842' title='bbox 515 4349 548 4404; x_wconf 90' lang='lat' dir='ltr'>de</span> <span class='ocrx_word' id='word_1_843' title='bbox 561 4350 698 4404; x_wconf 76' lang='lat' dir='ltr'>solutione</span> <span class='ocrx_word' id='word_1_844' title='bbox 711 4351 903 4432; x_wconf 77' lang='lat' dir='ltr'>questionum,</span> <span class='ocrx_word' id='word_1_845' title='bbox 915 4366 961 4405; x_wconf 86' lang='lat' dir='ltr'>ra·</span> <span class='ocrx_word' id='word_1_846' title='bbox 979 4369 1000 4424; x_wconf 74' lang='grc' dir='ltr'>Ι)</span> <span class='ocrx_word' id='word_1_847' title='bbox 1013 4353 1121 4417; x_wconf 85' lang='lat' dir='ltr'>pentem</span> <span class='ocrx_word' id='word_1_848' title='bbox 1140 4354 1252 4467; x_wconf 71' lang='lat' dir='ltr'>prolator</span> <span class='ocrx_word' id='word_1_849' title='bbox 1274 4345 1337 4400; x_wconf 83' lang='lat' dir='ltr'>laeti</span> <span class='ocrx_word' id='word_1_850' title='bbox 1360 4349 1518 4403; x_wconf 88' lang='lat' dir='ltr'>memoriam</span> <span class='ocrx_word' id='word_1_851' title='bbox 1543 4358 1718 4415; x_wconf 86' lang='lat' dir='ltr'>reservatum,</span> <span class='ocrx_word' id='word_1_852' title='bbox 1739 4365 1800 4405; x_wconf 85' lang='lat' dir='ltr'>curn</span> 
     </span>
    </p>
   </div>
   <div class='ocr_carea' id='block_1_12' title="bbox 176 4417 1189 4489">
    <p class='ocr_par' dir='ltr' id='par_1_14' title="bbox 176 4417 1189 4489">
     <span class='ocr_line' id='line_1_100' title="bbox 176 4417 1189 4489; baseline 0 -19"><span class='ocrx_word' id='word_1_853' title='bbox 176 4417 256 4486; x_wconf 72' lang='lat' dir='ltr'>piteb</span> <span class='ocrx_word' id='word_1_854' title='bbox 271 4434 277 4470; x_wconf 92' lang='lat'><strong>:</strong></span> <span class='ocrx_word' id='word_1_855' title='bbox 293 4437 302 4470; x_wconf 90' lang='lat' dir='ltr'>r</span> <span class='ocrx_word' id='word_1_856' title='bbox 316 4418 432 4474; x_wconf 84' lang='lat' dir='ltr'>Proinde</span> <span class='ocrx_word' id='word_1_857' title='bbox 445 4420 515 4474; x_wconf 84' lang='lat' dir='ltr'>siem</span> <span class='ocrx_word' id='word_1_858' title='bbox 527 4420 607 4489; x_wconf 84' lang='lat' dir='ltr'>irnpia</span> <span class='ocrx_word' id='word_1_859' title='bbox 619 4421 744 4489; x_wconf 79' lang='lat' dir='ltr'>superbia</span> <span class='ocrx_word' id='word_1_860' title='bbox 757 4421 813 4474; x_wconf 88' lang='lat' dir='ltr'>sive</span> <span class='ocrx_word' id='word_1_861' title='bbox 824 4421 961 4475; x_wconf 85' lang='lat' dir='ltr'>homiuum</span> <span class='ocrx_word' id='word_1_862' title='bbox 990 4427 993 4432; x_wconf 70' lang='lat'>‘</span> <span class='ocrx_word' id='word_1_863' title='bbox 1014 4423 1105 4487; x_wconf 87' lang='lat' dir='ltr'>postea</span> <span class='ocrx_word' id='word_1_864' title='bbox 1119 4430 1189 4485; x_wconf 73' lang='lat' dir='ltr'>panau</span> 
     </span>
    </p>
   </div>
   <div class='ocr_carea' id='block_1_13' title="bbox 153 4486 969 5108">
    <p class='ocr_par' dir='ltr' id='par_1_15' title="bbox 153 4486 969 5108">
     <span class='ocr_line' id='line_1_101' title="bbox 177 4486 963 4554; baseline 0.004 -15"><span class='ocrx_word' id='word_1_865' title='bbox 177 4488 234 4540; x_wconf 90' lang='lat' dir='ltr'>sive</span> <span class='ocrx_word' id='word_1_866' title='bbox 244 4486 405 4554; x_wconf 57' lang='lat' dir='ltr'>minonem,</span> <span class='ocrx_word' id='word_1_867' title='bbox 421 4488 472 4544; x_wconf 88' lang='lat' dir='ltr'>sibi</span> <span class='ocrx_word' id='word_1_868' title='bbox 484 4490 534 4544; x_wconf 92' lang='lat' dir='ltr'>hos</span> <span class='ocrx_word' id='word_1_869' title='bbox 543 4489 647 4544; x_wconf 88' lang='lat' dir='ltr'>diriuns</span> <span class='ocrx_word' id='word_1_870' title='bbox 661 4491 775 4545; x_wconf 89' lang='lat' dir='ltr'>honores</span> <span class='ocrx_word' id='word_1_871' title='bbox 786 4490 908 4545; x_wconf 80' lang='lat' dir='ltr'>exhiheri</span> <span class='ocrx_word' id='word_1_872' title='bbox 921 4491 963 4543; x_wconf 85' lang='lat' dir='ltr'>rel</span> 
     </span>
     <span class='ocr_line' id='line_1_102' title="bbox 176 4554 964 4627; baseline 0.006 -18"><span class='ocrx_word' id='word_1_873' title='bbox 176 4554 251 4626; x_wconf 86' lang='lat' dir='ltr'>jubet</span> <span class='ocrx_word' id='word_1_874' title='bbox 267 4558 309 4612; x_wconf 88' lang='lat' dir='ltr'>vel</span> <span class='ocrx_word' id='word_1_875' title='bbox 322 4558 405 4627; x_wconf 86' lang='lat' dir='ltr'>eupit,</span> <span class='ocrx_word' id='word_1_876' title='bbox 427 4560 464 4612; x_wconf 89' lang='lat' dir='ltr'>ita</span> <span class='ocrx_word' id='word_1_877' title='bbox 485 4559 530 4627; x_wconf 91' lang='lat' dir='ltr'>pia</span> <span class='ocrx_word' id='word_1_878' title='bbox 547 4558 682 4614; x_wconf 87' lang='lat' dir='ltr'>humilitas</span> <span class='ocrx_word' id='word_1_879' title='bbox 698 4559 740 4615; x_wconf 89' lang='lat' dir='ltr'>rel</span> <span class='ocrx_word' id='word_1_880' title='bbox 760 4559 898 4614; x_wconf 89' lang='lat' dir='ltr'>hominum</span> <span class='ocrx_word' id='word_1_881' title='bbox 922 4561 964 4614; x_wconf 83' lang='lat' dir='ltr'>rel</span> 
     </span>
     <span class='ocr_line' id='line_1_103' title="bbox 178 4623 966 4707; baseline 0.008 -29"><span class='ocrx_word' id='word_1_882' title='bbox 178 4623 333 4707; x_wconf 77' lang='lat' dir='ltr'>augelorum</span> <span class='ocrx_word' id='word_1_883' title='bbox 350 4635 514 4690; x_wconf 87' lang='lat' dir='ltr'>sanctorum,</span> <span class='ocrx_word' id='word_1_884' title='bbox 534 4629 591 4683; x_wconf 71' lang='lat' dir='ltr'>haec</span> <span class='ocrx_word' id='word_1_885' title='bbox 607 4628 658 4683; x_wconf 90' lang='lat' dir='ltr'>sibl</span> <span class='ocrx_word' id='word_1_886' title='bbox 673 4629 763 4684; x_wconf 88' lang='lat' dir='ltr'>oblata</span> <span class='ocrx_word' id='word_1_887' title='bbox 780 4630 922 4694; x_wconf 86' lang='lat' dir='ltr'>recusavit,</span> <span class='ocrx_word' id='word_1_888' title='bbox 938 4638 966 4684; x_wconf 91' lang='lat' dir='ltr'>et</span> 
     </span>
     <span class='ocr_line' id='line_1_104' title="bbox 179 4694 570 4751; baseline 0.005 -2"><span class='ocrx_word' id='word_1_889' title='bbox 179 4708 223 4749; x_wconf 85' lang='lat' dir='ltr'>eur</span> <span class='ocrx_word' id='word_1_890' title='bbox 237 4694 400 4749; x_wconf 87' lang='lat' dir='ltr'>deberentur</span> <span class='ocrx_word' id='word_1_891' title='bbox 410 4698 539 4751; x_wconf 87' lang='lat' dir='ltr'>ostendit.</span> <span class='ocrx_word' id='word_1_892' title='bbox 560 4718 570 4750; x_wconf 78' lang='grc' dir='ltr'><strong>ι</strong></span> 
     </span>
     <span class='ocr_line' id='line_1_105' title="bbox 215 4761 966 4839; baseline 0.009 -25"><span class='ocrx_word' id='word_1_893' title='bbox 215 4761 244 4814; x_wconf 95' lang='lat' dir='ltr'>ln</span> <span class='ocrx_word' id='word_1_894' title='bbox 257 4763 325 4816; x_wconf 90' lang='lat' dir='ltr'>libro</span> <span class='ocrx_word' id='word_1_895' title='bbox 339 4777 385 4816; x_wconf 87' lang='lat' dir='ltr'>mx</span> <span class='ocrx_word' id='word_1_896' title='bbox 396 4764 428 4819; x_wconf 90' lang='lat' dir='ltr'>de</span> <span class='ocrx_word' id='word_1_897' title='bbox 437 4765 551 4821; x_wconf 78' lang='lat' dir='ltr'>civitate</span> <span class='ocrx_word' id='word_1_898' title='bbox 563 4767 609 4823; x_wconf 80' lang='lat' dir='ltr'>liei</span> <span class='ocrx_word' id='word_1_899' title='bbox 622 4766 688 4823; x_wconf 88' lang='lat' dir='ltr'>dicit</span> <span class='ocrx_word' id='word_1_900' title='bbox 698 4765 877 4839; x_wconf 76' lang='lat' dir='ltr'>Augustinus:</span> <span class='ocrx_word' id='word_1_901' title='bbox 892 4784 901 4818; x_wconf 92' lang='lat' dir='ltr'>r</span> <span class='ocrx_word' id='word_1_902' title='bbox 913 4766 966 4821; x_wconf 86' lang='lat' dir='ltr'>Sed</span> 
     </span>
     <span class='ocr_line' id='line_1_106' title="bbox 180 4831 966 4907; baseline 0.01 -26"><span class='ocrx_word' id='word_1_903' title='bbox 180 4832 252 4886; x_wconf 78' lang='lat' dir='ltr'>bens</span> <span class='ocrx_word' id='word_1_904' title='bbox 275 4831 320 4885; x_wconf 90' lang='lat' dir='ltr'>ille</span> <span class='ocrx_word' id='word_1_905' title='bbox 337 4845 415 4899; x_wconf 89' lang='lat' dir='ltr'>quem</span> <span class='ocrx_word' id='word_1_906' title='bbox 433 4835 574 4890; x_wconf 87' lang='lat' dir='ltr'>coluerunt</span> <span class='ocrx_word' id='word_1_907' title='bbox 588 4839 722 4907; x_wconf 85' lang='lat' dir='ltr'>sapientes</span> <span class='ocrx_word' id='word_1_908' title='bbox 737 4838 919 4898; x_wconf 71' lang='lat' dir='ltr'>trebi-eorum,</span> <span class='ocrx_word' id='word_1_909' title='bbox 939 4844 966 4891; x_wconf 91' lang='lat' dir='ltr'>et</span> 
     </span>
     <span class='ocr_line' id='line_1_107' title="bbox 176 4899 968 5024; baseline 0.009 -72"><span class='ocrx_word' id='word_1_910' title='bbox 176 4899 234 5024; x_wconf 47' lang='lat' dir='ltr'>lg</span> <span class='ocrx_word' id='word_1_911' title='bbox 248 4901 403 4956; x_wconf 65' lang='lat' dir='ltr'>coelmtibus</span> <span class='ocrx_word' id='word_1_912' title='bbox 414 4904 514 4958; x_wconf 88' lang='lat' dir='ltr'>sanetis</span> <span class='ocrx_word' id='word_1_913' title='bbox 524 4907 625 4975; x_wconf 87' lang='lat' dir='ltr'>angelis</span> <span class='ocrx_word' id='word_1_914' title='bbox 634 4919 662 4961; x_wconf 87' lang='lat' dir='ltr'>et</span> <span class='ocrx_word' id='word_1_915' title='bbox 673 4908 816 4962; x_wconf 84' lang='lat' dir='ltr'>virtutibus</span> <span class='ocrx_word' id='word_1_916' title='bbox 829 4906 886 4967; x_wconf 70' lang='lat' dir='ltr'>liei,</span> <span class='ocrx_word' id='word_1_917' title='bbox 900 4920 968 4974; x_wconf 88' lang='lat' dir='ltr'>ques</span> 
     </span>
     <span class='ocr_line' id='line_1_108' title="bbox 233 4968 957 5039; baseline 0.011 -17"><span class='ocrx_word' id='word_1_918' title='bbox 233 4968 352 5024; x_wconf 80' lang='lat' dir='ltr'>tissimus</span> <span class='ocrx_word' id='word_1_919' title='bbox 368 4979 496 5039; x_wconf 85' lang='lat' dir='ltr'>tauquam</span> <span class='ocrx_word' id='word_1_920' title='bbox 512 4974 584 5029; x_wconf 89' lang='lat' dir='ltr'>cives</span> <span class='ocrx_word' id='word_1_921' title='bbox 597 4977 625 5030; x_wconf 90' lang='lat' dir='ltr'>in</span> <span class='ocrx_word' id='word_1_922' title='bbox 640 4978 691 5032; x_wconf 88' lang='lat' dir='ltr'>bac</span> <span class='ocrx_word' id='word_1_923' title='bbox 703 4985 794 5031; x_wconf 84' lang='lat' dir='ltr'>nostra</span> <span class='ocrx_word' id='word_1_924' title='bbox 898 4976 957 5030; x_wconf 88' lang='lat' dir='ltr'>rina</span> 
     </span>
     <span class='ocr_line' id='line_1_109' title="bbox 153 5039 969 5108; baseline 0.006 -15"><span class='ocrx_word' id='word_1_925' title='bbox 153 5069 156 5076; x_wconf 94' lang='lat'>-</span> <span class='ocrx_word' id='word_1_926' title='bbox 181 5040 257 5093; x_wconf 68' lang='lat' dir='ltr'>tiore</span> <span class='ocrx_word' id='word_1_927' title='bbox 268 5039 375 5093; x_wconf 83' lang='lat' dir='ltr'>mortali</span> <span class='ocrx_word' id='word_1_928' title='bbox 387 5051 581 5099; x_wconf 86' lang='lat' dir='ltr'>veneramuret</span> <span class='ocrx_word' id='word_1_929' title='bbox 594 5059 725 5108; x_wconf 76' lang='lat' dir='ltr'>amaturis,</span> <span class='ocrx_word' id='word_1_930' title='bbox 736 5043 806 5099; x_wconf 87' lang='lat' dir='ltr'>sacri</span> <span class='ocrx_word' id='word_1_931' title='bbox 827 5044 884 5096; x_wconf 87' lang='lat' dir='ltr'>cari</span> <span class='ocrx_word' id='word_1_932' title='bbox 896 5052 969 5098; x_wconf 78' lang='lat' dir='ltr'>vetat</span> 
     </span>
    </p>
   </div>
   <div class='ocr_carea' id='block_1_14' title="bbox 167 5107 969 5233">
    <p class='ocr_par' dir='ltr' id='par_1_16' title="bbox 167 5107 969 5233">
     <span class='ocr_line' id='line_1_110' title="bbox 180 5107 969 5233; baseline 0.008 -71"><span class='ocrx_word' id='word_1_933' title='bbox 180 5107 282 5233; x_wconf 51' lang='lat' dir='ltr'>wll,</span> <span class='ocrx_word' id='word_1_934' title='bbox 298 5108 423 5165; x_wconf 86' lang='lat' dir='ltr'>intonans</span> <span class='ocrx_word' id='word_1_935' title='bbox 437 5111 464 5165; x_wconf 91' lang='grc' dir='ltr'>ιιι</span> <span class='ocrx_word' id='word_1_936' title='bbox 478 5111 535 5182; x_wconf 87' lang='lat' dir='ltr'>lege</span> <span class='ocrx_word' id='word_1_937' title='bbox 552 5127 610 5180; x_wconf 87' lang='lat' dir='ltr'>sna,</span> <span class='ocrx_word' id='word_1_938' title='bbox 625 5115 778 5183; x_wconf 67' lang='lat' dir='ltr'>raeddenne</span> <span class='ocrx_word' id='word_1_939' title='bbox 788 5112 839 5165; x_wconf 79' lang='lat' dir='ltr'>tilis</span> <span class='ocrx_word' id='word_1_940' title='bbox 851 5112 969 5168; x_wconf 81' lang='lat' dir='ltr'>erudire·</span> 
     </span>
     <span class='ocr_line' id='line_1_111' title="bbox 167 5194 293 5231; baseline 0 0"><span class='ocrx_word' id='word_1_941' title='bbox 167 5213 169 5218; x_wconf 89' lang='lat'>-</span> <span class='ocrx_word' id='word_1_942' title='bbox 240 5194 263 5231; x_wconf 87' lang='lat' dir='ltr'>r.</span> <span class='ocrx_word' id='word_1_943' title='bbox 282 5197 293 5231; x_wconf 85' lang='grc' dir='ltr'><strong>ι</strong></span> 
     </span>
    </p>
   </div>
   <div class='ocr_carea' id='block_1_15' title="bbox 474 5269 648 5327">
    <p class='ocr_par' dir='ltr' id='par_1_17' title="bbox 474 5269 648 5327">
     <span class='ocr_line' id='line_1_112' title="bbox 474 5269 648 5327; baseline -0.006 -2"><span class='ocrx_word' id='word_1_944' title='bbox 474 5269 588 5327; x_wconf 81' lang='lat' dir='ltr'>CAPUT</span> <span class='ocrx_word' id='word_1_945' title='bbox 607 5271 648 5326; x_wconf 79' lang='lat' dir='ltr'>l‘l.</span> 
     </span>
    </p>
   </div>
   <div class='ocr_carea' id='block_1_16' title="bbox 184 5378 970 5661">
    <p class='ocr_par' dir='ltr' id='par_1_18' title="bbox 184 5378 970 5592">
     <span class='ocr_line' id='line_1_113' title="bbox 218 5378 969 5454; baseline 0.009 -21"><span class='ocrx_word' id='word_1_946' title='bbox 218 5378 282 5435; x_wconf 70' lang='lat' dir='ltr'>llere</span> <span class='ocrx_word' id='word_1_947' title='bbox 296 5388 449 5436; x_wconf 85' lang='lat' dir='ltr'>contraeas</span> <span class='ocrx_word' id='word_1_948' title='bbox 462 5384 508 5453; x_wconf 91' lang='lat' dir='ltr'>qni</span> <span class='ocrx_word' id='word_1_949' title='bbox 523 5397 653 5437; x_wconf 86' lang='lat' dir='ltr'>anuomm</span> <span class='ocrx_word' id='word_1_950' title='bbox 674 5398 786 5438; x_wconf 89' lang='lat' dir='ltr'>numero</span> <span class='ocrx_word' id='word_1_951' title='bbox 799 5386 969 5454; x_wconf 86' lang='lat' dir='ltr'>superstitio-</span> 
     </span>
     <span class='ocr_line' id='line_1_114' title="bbox 184 5450 970 5518; baseline 0.01 -15"><span class='ocrx_word' id='word_1_952' title='bbox 184 5463 246 5503; x_wconf 84' lang='lat' dir='ltr'>nem</span> <span class='ocrx_word' id='word_1_953' title='bbox 259 5450 403 5518; x_wconf 87' lang='lat' dir='ltr'>imaginum</span> <span class='ocrx_word' id='word_1_954' title='bbox 425 5453 560 5506; x_wconf 80' lang='lat' dir='ltr'>sindieare</span> <span class='ocrx_word' id='word_1_955' title='bbox 573 5453 674 5509; x_wconf 79' lang='lat' dir='ltr'>nolunt.</span> <span class='ocrx_word' id='word_1_956' title='bbox 688 5459 908 5510; x_wconf 76' lang='lat' dir='ltr'>mansuetudinem</span> <span class='ocrx_word' id='word_1_957' title='bbox 927 5473 970 5511; x_wconf 90' lang='lat' dir='ltr'>se-</span> 
     </span>
     <span class='ocr_line' id='line_1_115' title="bbox 184 5520 896 5592; baseline 0.01 -20"><span class='ocrx_word' id='word_1_958' title='bbox 184 5520 230 5589; x_wconf 88' lang='lat' dir='ltr'>qui</span> <span class='ocrx_word' id='word_1_959' title='bbox 245 5521 355 5591; x_wconf 82' lang='lat' dir='ltr'>eupiunt</span> <span class='ocrx_word' id='word_1_960' title='bbox 370 5522 553 5592; x_wconf 81' lang='lat' dir='ltr'>potiusquam</span> <span class='ocrx_word' id='word_1_961' title='bbox 570 5523 690 5577; x_wconf 82' lang='lat' dir='ltr'>veritatis</span> <span class='ocrx_word' id='word_1_962' title='bbox 701 5526 896 5579; x_wconf 79' lang='lat' dir='ltr'>auctoritatem.</span> 
     </span>
    </p>

    <p class='ocr_par' dir='ltr' id='par_1_19' title="bbox 219 5592 969 5661">
     <span class='ocr_line' id='line_1_116' title="bbox 219 5592 969 5661; baseline 0.008 -17"><span class='ocrx_word' id='word_1_963' title='bbox 219 5592 383 5661; x_wconf 73' lang='lat' dir='ltr'>Augustinus</span> <span class='ocrx_word' id='word_1_964' title='bbox 403 5592 430 5646; x_wconf 91' lang='lat' dir='ltr'>in</span> <span class='ocrx_word' id='word_1_965' title='bbox 453 5593 521 5647; x_wconf 90' lang='lat' dir='ltr'>libro</span> <span class='ocrx_word' id='word_1_966' title='bbox 533 5593 714 5659; x_wconf 76' lang='lat' dir='ltr'>Quaestionum</span> <span class='ocrx_word' id='word_1_967' title='bbox 731 5594 837 5650; x_wconf 78' lang='lat' dir='ltr'>lateris</span> <span class='ocrx_word' id='word_1_968' title='bbox 853 5604 880 5649; x_wconf 89' lang='lat' dir='ltr'>et</span> <span class='ocrx_word' id='word_1_969' title='bbox 903 5594 969 5651; x_wconf 83' lang='lat' dir='ltr'>h&#39;ori</span> 
     </span>
    </p>
   </div>
   <div class='ocr_carea' id='block_1_17' title="bbox 1013 4417 1805 5043">
    <p class='ocr_par' dir='ltr' id='par_1_20' title="bbox 1013 4417 1805 5043">
     <span class='ocr_line' id='line_1_117' title="bbox 1203 4417 1802 4488; baseline 0.013 -22"><span class='ocrx_word' id='word_1_970' title='bbox 1203 4429 1233 4469; x_wconf 76' lang='lat' dir='ltr'>:ts</span> <span class='ocrx_word' id='word_1_971' title='bbox 1247 4431 1341 4471; x_wconf 88' lang='lat' dir='ltr'>errans</span> <span class='ocrx_word' id='word_1_972' title='bbox 1353 4423 1479 4486; x_wconf 90' lang='lat' dir='ltr'>tanquam</span> <span class='ocrx_word' id='word_1_973' title='bbox 1492 4417 1591 4473; x_wconf 90' lang='lat' dir='ltr'>idolum</span> <span class='ocrx_word' id='word_1_974' title='bbox 1606 4418 1694 4474; x_wconf 88' lang='lat' dir='ltr'>colere</span> <span class='ocrx_word' id='word_1_975' title='bbox 1705 4419 1802 4488; x_wconf 84' lang='lat' dir='ltr'>eoepis-</span> 
     </span>
     <span class='ocr_line' id='line_1_118' title="bbox 1013 4485 1801 4558; baseline 0.004 -17"><span class='ocrx_word' id='word_1_976' title='bbox 1013 4495 1064 4546; x_wconf 88' lang='lat' dir='ltr'>set,</span> <span class='ocrx_word' id='word_1_977' title='bbox 1077 4485 1205 4539; x_wconf 84' lang='lat' dir='ltr'>Ereehias</span> <span class='ocrx_word' id='word_1_978' title='bbox 1218 4500 1262 4539; x_wconf 82' lang='lat' dir='ltr'>rer</span> <span class='ocrx_word' id='word_1_979' title='bbox 1274 4486 1397 4558; x_wconf 85' lang='lat' dir='ltr'>religiosa</span> <span class='ocrx_word' id='word_1_980' title='bbox 1405 4494 1537 4555; x_wconf 86' lang='lat' dir='ltr'>potestate</span> <span class='ocrx_word' id='word_1_981' title='bbox 1547 4488 1602 4543; x_wconf 87' lang='lat' dir='ltr'>beo</span> <span class='ocrx_word' id='word_1_982' title='bbox 1610 4502 1730 4544; x_wconf 88' lang='lat' dir='ltr'>serrrens</span> <span class='ocrx_word' id='word_1_983' title='bbox 1740 4505 1801 4545; x_wconf 87' lang='lat' dir='ltr'>eum</span> 
     </span>
     <span class='ocr_line' id='line_1_119' title="bbox 1015 4554 1499 4624; baseline -0.004 -13"><span class='ocrx_word' id='word_1_984' title='bbox 1015 4571 1058 4611; x_wconf 80' lang='lat' dir='ltr'>rua</span> <span class='ocrx_word' id='word_1_985' title='bbox 1078 4568 1112 4607; x_wconf 85' lang='lat' dir='ltr'>tta</span> <span class='ocrx_word' id='word_1_986' title='bbox 1126 4555 1233 4624; x_wconf 87' lang='lat' dir='ltr'>pietatis</span> <span class='ocrx_word' id='word_1_987' title='bbox 1246 4554 1323 4610; x_wconf 89' lang='lat' dir='ltr'>lande</span> <span class='ocrx_word' id='word_1_988' title='bbox 1336 4556 1471 4610; x_wconf 88' lang='lat' dir='ltr'>corrtrlvit.</span> <span class='ocrx_word' id='word_1_989' title='bbox 1490 4578 1499 4609; x_wconf 82' lang='grc' dir='ltr'><strong>ι</strong></span> 
     </span>
     <span class='ocr_line' id='line_1_120' title="bbox 1073 4623 1801 4696; baseline 0.012 -20"><span class='ocrx_word' id='word_1_990' title='bbox 1073 4623 1190 4693; x_wconf 84' lang='lat' dir='ltr'>alequid</span> <span class='ocrx_word' id='word_1_991' title='bbox 1203 4635 1230 4679; x_wconf 85' lang='lat' dir='ltr'>et</span> <span class='ocrx_word' id='word_1_992' title='bbox 1242 4625 1349 4678; x_wconf 89' lang='lat' dir='ltr'>beatum</span> <span class='ocrx_word' id='word_1_993' title='bbox 1369 4624 1544 4696; x_wconf 83' lang='lat' dir='ltr'>Epiphaniam</span> <span class='ocrx_word' id='word_1_994' title='bbox 1559 4627 1646 4683; x_wconf 86' lang='lat' dir='ltr'>virum</span> <span class='ocrx_word' id='word_1_995' title='bbox 1660 4628 1801 4685; x_wconf 86' lang='lat' dir='ltr'>sanctissi-</span> 
     </span>
     <span class='ocr_line' id='line_1_121' title="bbox 1015 4694 1803 4770; baseline 0.006 -22"><span class='ocrx_word' id='word_1_996' title='bbox 1015 4707 1089 4748; x_wconf 90' lang='lat' dir='ltr'>mum</span> <span class='ocrx_word' id='word_1_997' title='bbox 1105 4700 1133 4745; x_wconf 89' lang='lat' dir='ltr'>et</span> <span class='ocrx_word' id='word_1_998' title='bbox 1144 4694 1327 4749; x_wconf 75' lang='lat' dir='ltr'>doctissimum</span> <span class='ocrx_word' id='word_1_999' title='bbox 1341 4697 1398 4750; x_wconf 86' lang='lat' dir='ltr'>zelo</span> <span class='ocrx_word' id='word_1_1000' title='bbox 1411 4697 1500 4752; x_wconf 89' lang='lat' dir='ltr'>dirino</span> <span class='ocrx_word' id='word_1_1001' title='bbox 1513 4712 1681 4762; x_wconf 83' lang='lat' dir='ltr'>succensum,</span> <span class='ocrx_word' id='word_1_1002' title='bbox 1700 4699 1727 4755; x_wconf 93' lang='lat' dir='ltr'>in</span> <span class='ocrx_word' id='word_1_1003' title='bbox 1744 4700 1803 4770; x_wconf 87' lang='lat' dir='ltr'>epi-</span> 
     </span>
     <span class='ocr_line' id='line_1_122' title="bbox 1016 4762 1804 4838; baseline 0.004 -20"><span class='ocrx_word' id='word_1_1004' title='bbox 1016 4766 1085 4818; x_wconf 82' lang='lat' dir='ltr'>stola</span> <span class='ocrx_word' id='word_1_1005' title='bbox 1097 4776 1178 4831; x_wconf 87' lang='lat' dir='ltr'>quara</span> <span class='ocrx_word' id='word_1_1006' title='bbox 1195 4765 1228 4817; x_wconf 87' lang='lat' dir='ltr'>ad</span> <span class='ocrx_word' id='word_1_1007' title='bbox 1251 4762 1382 4820; x_wconf 88' lang='lat' dir='ltr'>loannem</span> <span class='ocrx_word' id='word_1_1008' title='bbox 1397 4764 1721 4837; x_wconf 65' lang='lat' dir='ltr'>Consentiuopnlitauum</span> <span class='ocrx_word' id='word_1_1009' title='bbox 1743 4768 1804 4838; x_wconf 84' lang='lat' dir='ltr'>epi-</span> 
     </span>
     <span class='ocr_line' id='line_1_123' title="bbox 1019 4832 1804 4900; baseline 0.005 -12"><span class='ocrx_word' id='word_1_1010' title='bbox 1019 4845 1129 4900; x_wconf 83' lang='lat' dir='ltr'>scopum</span> <span class='ocrx_word' id='word_1_1011' title='bbox 1142 4832 1246 4898; x_wconf 84' lang='lat' dir='ltr'>scribit,</span> <span class='ocrx_word' id='word_1_1012' title='bbox 1265 4841 1293 4886; x_wconf 87' lang='lat' dir='ltr'>et</span> <span class='ocrx_word' id='word_1_1013' title='bbox 1311 4834 1406 4888; x_wconf 86' lang='lat' dir='ltr'>beatus</span> <span class='ocrx_word' id='word_1_1014' title='bbox 1426 4836 1523 4890; x_wconf 88' lang='lat' dir='ltr'>tlieren</span> <span class='ocrx_word' id='word_1_1015' title='bbox 1545 4837 1647 4893; x_wconf 86' lang='lat' dir='ltr'>rnusde</span> <span class='ocrx_word' id='word_1_1016' title='bbox 1669 4838 1804 4894; x_wconf 70' lang='lat' dir='ltr'>Graeoia</span> 
     </span>
     <span class='ocr_line' id='line_1_124' title="bbox 1019 4852 1773 4974; baseline 0.007 -16"><span class='ocrx_word' id='word_1_1017' title='bbox 1019 4902 1145 4958; x_wconf 78' lang='lat' dir='ltr'>Latinum</span> <span class='ocrx_word' id='word_1_1018' title='bbox 1159 4916 1311 4957; x_wconf 90' lang='lat' dir='ltr'>sermonem</span> <span class='ocrx_word' id='word_1_1019' title='bbox 1330 4852 1644 4974; x_wconf 78' lang='lat' dir='ltr'>uanstulerat,leglmus</span> <span class='ocrx_word' id='word_1_1020' title='bbox 1655 4906 1773 4963; x_wconf 85' lang='lat' dir='ltr'>iecisse:</span> 
     </span>
     <span class='ocr_line' id='line_1_125' title="bbox 1060 4970 1805 5043; baseline 0.015 -21"><span class='ocrx_word' id='word_1_1021' title='bbox 1060 4989 1070 5022; x_wconf 87' lang='lat' dir='ltr'>r</span> <span class='ocrx_word' id='word_1_1022' title='bbox 1085 4970 1190 5032; x_wconf 74' lang='lat' dir='ltr'>Audivi.</span> <span class='ocrx_word' id='word_1_1023' title='bbox 1204 4972 1300 5043; x_wconf 88' lang='lat' dir='ltr'>inquit,</span> <span class='ocrx_word' id='word_1_1024' title='bbox 1314 4975 1443 5041; x_wconf 81' lang='lat' dir='ltr'>quosdam</span> <span class='ocrx_word' id='word_1_1025' title='bbox 1457 4988 1625 5031; x_wconf 86' lang='lat' dir='ltr'>murmurare</span> <span class='ocrx_word' id='word_1_1026' title='bbox 1639 4985 1732 5032; x_wconf 83' lang='lat' dir='ltr'>eontra</span> <span class='ocrx_word' id='word_1_1027' title='bbox 1749 4991 1805 5043; x_wconf 79' lang='lat' dir='ltr'>me,</span> 
     </span>
    </p>
   </div>
   <div class='ocr_carea' id='block_1_18' title="bbox 1019 5039 1807 5172">
    <p class='ocr_par' dir='ltr' id='par_1_21' title="bbox 1019 5039 1807 5172">
     <span class='ocr_line' id='line_1_126' title="bbox 1019 5039 1807 5116; baseline 0.01 -22"><span class='ocrx_word' id='word_1_1028' title='bbox 1019 5039 1128 5110; x_wconf 72' lang='lat' dir='ltr'>meando</span> <span class='ocrx_word' id='word_1_1029' title='bbox 1136 5040 1216 5095; x_wconf 90' lang='lat' dir='ltr'>simul</span> <span class='ocrx_word' id='word_1_1030' title='bbox 1226 5042 1402 5111; x_wconf 82' lang='lat' dir='ltr'>pergebamus</span> <span class='ocrx_word' id='word_1_1031' title='bbox 1414 5042 1449 5096; x_wconf 89' lang='lat' dir='ltr'>ad</span> <span class='ocrx_word' id='word_1_1032' title='bbox 1459 5053 1582 5099; x_wconf 88' lang='lat' dir='ltr'>sanetum</span> <span class='ocrx_word' id='word_1_1033' title='bbox 1600 5045 1690 5101; x_wconf 78' lang='grc' dir='ltr'><strong>ιοοιιιιι</strong></span> <span class='ocrx_word' id='word_1_1034' title='bbox 1700 5047 1747 5116; x_wconf 86' lang='lat' dir='ltr'>qul</span> <span class='ocrx_word' id='word_1_1035' title='bbox 1759 5060 1807 5103; x_wconf 83' lang='lat' dir='ltr'>to·</span> 
     </span>
     <span class='ocr_line' id='line_1_127' title="bbox 1019 5108 1806 5172; baseline 0.006 -6"><span class='ocrx_word' id='word_1_1036' title='bbox 1019 5118 1097 5166; x_wconf 90' lang='lat' dir='ltr'>catur</span> <span class='ocrx_word' id='word_1_1037' title='bbox 1114 5109 1214 5170; x_wconf 83' lang='lat' dir='ltr'>liethel,</span> <span class='ocrx_word' id='word_1_1038' title='bbox 1231 5118 1261 5163; x_wconf 93' lang='lat' dir='ltr'>ut</span> <span class='ocrx_word' id='word_1_1039' title='bbox 1272 5108 1309 5164; x_wconf 78' lang='lat' dir='ltr'>iri</span> <span class='ocrx_word' id='word_1_1040' title='bbox 1326 5110 1466 5165; x_wconf 83' lang='lat' dir='ltr'>collectam</span> <span class='ocrx_word' id='word_1_1041' title='bbox 1481 5120 1568 5168; x_wconf 60' lang='lat' dir='ltr'>mum</span> <span class='ocrx_word' id='word_1_1042' title='bbox 1581 5130 1615 5170; x_wconf 78' lang='lat' dir='ltr'>er</span> <span class='ocrx_word' id='word_1_1043' title='bbox 1627 5129 1702 5170; x_wconf 88' lang='lat' dir='ltr'>more</span> <span class='ocrx_word' id='word_1_1044' title='bbox 1717 5113 1806 5172; x_wconf 80' lang='lat' dir='ltr'>eoele-</span> 
     </span>
    </p>
   </div>
   <div class='ocr_carea' id='block_1_19' title="bbox 1021 5178 1809 5669">
    <p class='ocr_par' dir='ltr' id='par_1_22' title="bbox 1021 5178 1809 5669">
     <span class='ocr_line' id='line_1_128' title="bbox 1022 5178 1807 5255; baseline 0.008 -21"><span class='ocrx_word' id='word_1_1045' title='bbox 1022 5180 1132 5234; x_wconf 85' lang='lat' dir='ltr'>siastieo</span> <span class='ocrx_word' id='word_1_1046' title='bbox 1142 5178 1268 5243; x_wconf 85' lang='lat' dir='ltr'>lacerem,</span> <span class='ocrx_word' id='word_1_1047' title='bbox 1285 5188 1313 5234; x_wconf 93' lang='lat' dir='ltr'>et</span> <span class='ocrx_word' id='word_1_1048' title='bbox 1324 5180 1455 5236; x_wconf 89' lang='lat' dir='ltr'>venissem</span> <span class='ocrx_word' id='word_1_1049' title='bbox 1473 5182 1506 5237; x_wconf 90' lang='lat' dir='ltr'>ad</span> <span class='ocrx_word' id='word_1_1050' title='bbox 1521 5182 1611 5238; x_wconf 84' lang='lat' dir='ltr'>villam</span> <span class='ocrx_word' id='word_1_1051' title='bbox 1633 5199 1693 5255; x_wconf 85' lang='lat' dir='ltr'>quae</span> <span class='ocrx_word' id='word_1_1052' title='bbox 1708 5185 1807 5242; x_wconf 81' lang='lat' dir='ltr'>dieitur</span> 
     </span>
     <span class='ocr_line' id='line_1_129' title="bbox 1022 5247 1808 5323; baseline 0.013 -22"><span class='ocrx_word' id='word_1_1053' title='bbox 1022 5247 1164 5311; x_wconf 80' lang='lat' dir='ltr'>Anablata,</span> <span class='ocrx_word' id='word_1_1054' title='bbox 1184 5248 1363 5320; x_wconf 80' lang='lat' dir='ltr'>vidissemque</span> <span class='ocrx_word' id='word_1_1055' title='bbox 1379 5250 1414 5305; x_wconf 90' lang='lat' dir='ltr'>ihi</span> <span class='ocrx_word' id='word_1_1056' title='bbox 1438 5253 1595 5323; x_wconf 83' lang='lat' dir='ltr'>preteriens</span> <span class='ocrx_word' id='word_1_1057' title='bbox 1613 5254 1749 5310; x_wconf 88' lang='lat' dir='ltr'>lucernam</span> <span class='ocrx_word' id='word_1_1058' title='bbox 1763 5271 1808 5310; x_wconf 88' lang='lat' dir='ltr'>nr·</span> 
     </span>
     <span class='ocr_line' id='line_1_130' title="bbox 1023 5318 1809 5391; baseline 0.009 -20"><span class='ocrx_word' id='word_1_1059' title='bbox 1023 5319 1140 5380; x_wconf 87' lang='lat' dir='ltr'>dentem,</span> <span class='ocrx_word' id='word_1_1060' title='bbox 1154 5328 1178 5370; x_wconf 90' lang='lat' dir='ltr'>et</span> <span class='ocrx_word' id='word_1_1061' title='bbox 1191 5318 1396 5388; x_wconf 83' lang='lat' dir='ltr'>interrogasem</span> <span class='ocrx_word' id='word_1_1062' title='bbox 1409 5321 1454 5391; x_wconf 88' lang='lat' dir='ltr'>qui</span> <span class='ocrx_word' id='word_1_1063' title='bbox 1469 5323 1541 5378; x_wconf 85' lang='lat' dir='ltr'>lderts</span> <span class='ocrx_word' id='word_1_1064' title='bbox 1551 5333 1633 5388; x_wconf 82' lang='lat' dir='ltr'>esset,</span> <span class='ocrx_word' id='word_1_1065' title='bbox 1644 5324 1809 5381; x_wconf 84' lang='lat' dir='ltr'>didicissem·</span> 
     </span>
     <span class='ocr_line' id='line_1_131' title="bbox 1021 5388 1808 5459; baseline 0.011 -19"><span class='ocrx_word' id='word_1_1066' title='bbox 1021 5403 1075 5457; x_wconf 91' lang='lat' dir='ltr'>que</span> <span class='ocrx_word' id='word_1_1067' title='bbox 1094 5400 1154 5442; x_wconf 87' lang='lat' dir='ltr'>csse</span> <span class='ocrx_word' id='word_1_1068' title='bbox 1166 5388 1317 5452; x_wconf 87' lang='lat' dir='ltr'>eeclesiam,</span> <span class='ocrx_word' id='word_1_1069' title='bbox 1331 5398 1358 5443; x_wconf 89' lang='lat' dir='ltr'>et</span> <span class='ocrx_word' id='word_1_1070' title='bbox 1373 5391 1514 5445; x_wconf 87' lang='lat' dir='ltr'>intrassem</span> <span class='ocrx_word' id='word_1_1071' title='bbox 1539 5401 1568 5446; x_wconf 90' lang='lat' dir='ltr'>nt</span> <span class='ocrx_word' id='word_1_1072' title='bbox 1588 5409 1703 5459; x_wconf 81' lang='lat' dir='ltr'>orarem,</span> <span class='ocrx_word' id='word_1_1073' title='bbox 1718 5394 1808 5451; x_wconf 87' lang='lat' dir='ltr'>inrenl</span> 
     </span>
     <span class='ocr_line' id='line_1_132' title="bbox 1023 5458 1809 5530; baseline 0.006 -18"><span class='ocrx_word' id='word_1_1074' title='bbox 1023 5458 1058 5512; x_wconf 91' lang='lat' dir='ltr'>ibi</span> <span class='ocrx_word' id='word_1_1075' title='bbox 1073 5458 1159 5512; x_wconf 85' lang='lat' dir='ltr'>velum</span> <span class='ocrx_word' id='word_1_1076' title='bbox 1183 5462 1300 5527; x_wconf 86' lang='lat' dir='ltr'>pendens</span> <span class='ocrx_word' id='word_1_1077' title='bbox 1313 5461 1339 5513; x_wconf 94' lang='lat' dir='ltr'>in</span> <span class='ocrx_word' id='word_1_1078' title='bbox 1361 5459 1465 5516; x_wconf 84' lang='lat' dir='ltr'>toribus</span> <span class='ocrx_word' id='word_1_1079' title='bbox 1476 5460 1594 5529; x_wconf 79' lang='lat' dir='ltr'>ejusaem</span> <span class='ocrx_word' id='word_1_1080' title='bbox 1610 5463 1740 5530; x_wconf 79' lang='lat' dir='ltr'>ecclesie,</span> <span class='ocrx_word' id='word_1_1081' title='bbox 1756 5465 1809 5519; x_wconf 89' lang='lat' dir='ltr'>tiu-</span> 
     </span>
     <span class='ocr_line' id='line_1_133' title="bbox 1022 5530 1809 5605; baseline 0.008 -24"><span class='ocrx_word' id='word_1_1082' title='bbox 1022 5536 1095 5581; x_wconf 89' lang='lat' dir='ltr'>etum</span> <span class='ocrx_word' id='word_1_1083' title='bbox 1116 5535 1196 5597; x_wconf 91' lang='lat' dir='ltr'>atque</span> <span class='ocrx_word' id='word_1_1084' title='bbox 1223 5530 1368 5598; x_wconf 77' lang='lat' dir='ltr'>depictum,</span> <span class='ocrx_word' id='word_1_1085' title='bbox 1392 5539 1420 5584; x_wconf 90' lang='lat' dir='ltr'>et</span> <span class='ocrx_word' id='word_1_1086' title='bbox 1444 5531 1545 5586; x_wconf 88' lang='lat' dir='ltr'>hahens</span> <span class='ocrx_word' id='word_1_1087' title='bbox 1568 5533 1710 5604; x_wconf 88' lang='lat' dir='ltr'>imaginem</span> <span class='ocrx_word' id='word_1_1088' title='bbox 1732 5533 1809 5605; x_wconf 83' lang='lat' dir='ltr'>quasi</span> 
     </span>
     <span class='ocr_line' id='line_1_134' title="bbox 1022 5596 1808 5669; baseline 0.009 -17"><span class='ocrx_word' id='word_1_1089' title='bbox 1022 5596 1133 5663; x_wconf 79' lang='lat' dir='ltr'>Christi,</span> <span class='ocrx_word' id='word_1_1090' title='bbox 1146 5597 1187 5652; x_wconf 87' lang='lat' dir='ltr'>rel</span> <span class='ocrx_word' id='word_1_1091' title='bbox 1202 5600 1286 5653; x_wconf 84' lang='lat' dir='ltr'>saneti</span> <span class='ocrx_word' id='word_1_1092' title='bbox 1298 5598 1447 5669; x_wconf 55' lang='lat' dir='ltr'>cujusdam.</span> <span class='ocrx_word' id='word_1_1093' title='bbox 1462 5599 1519 5658; x_wconf 85' lang='lat' dir='ltr'>Non</span> <span class='ocrx_word' id='word_1_1094' title='bbox 1531 5602 1603 5658; x_wconf 88' lang='lat' dir='ltr'>enim</span> <span class='ocrx_word' id='word_1_1095' title='bbox 1623 5604 1690 5660; x_wconf 83' lang='lat' dir='ltr'>satis</span> <span class='ocrx_word' id='word_1_1096' title='bbox 1700 5605 1808 5661; x_wconf 83' lang='lat' dir='ltr'>mentiui</span> 
     </span>
    </p>
   </div>
   <div class='ocr_carea' id='block_1_20' title="bbox 0 0 2067 6192">
    <p class='ocr_par' dir='ltr' id='par_1_23' title="bbox 0 0 2067 6192">
     <span class='ocr_line' id='line_1_135' title="bbox 0 0 2067 6192; baseline 0 0"><span class='ocrx_word' id='word_1_1097' title='bbox 0 0 2067 6192; x_wconf 95' lang='lat' dir='ltr'> </span> 
     </span>
    </p>
   </div>
  </div>
 </body>
</html>
