4050 6192
217 256 267 316 urs
644 252 674 307 B.
693 251 819 321 mludtt
838 251 944 307 tresel
963 250 1038 308 Ol'i‘.
1059 248 1148 306 etos
1166 250 1198 308 li.
1220 250 1340 312 bECTiO
1359 251 1390 306 ΙΙ.
1798 258 1854 314 h'rh

216 365 314 439 plramo
330 363 443 420 diacono
454 363 493 418 sic
507 361 626 431 loquitur
639 377 647 416 t
662 381 671 413 ι
685 362 756 417 Dixit
767 364 850 424 enim,
863 363 1007 433 imaginem
1024 367 1046 424 A
1060 362 1198 433 ipsiusque
1205 363 1312 418 oblatos
1324 362 1512 431 majestaticis
1523 365 1678 422 eosmissas
1691 368 1725 422 ad
1739 367 1851 426 Hadria

216 452 264 520 per
275 448 372 490 nemen
382 431 598 504 significationis,
609 431 643 504 ad
657 447 749 502 prame
763 432 856 487 terme
866 433 1006 496 horrorem,
1060 448 1123 486 tram
1136 432 1287 488 homanum
1297 435 1450 503 prrtrtiticem
1463 450 1513 504 per
1519 435 1707 506 angilbertum
1718 439 1855 508 abbatem,

217 508 243 562 ιιι
254 513 307 568 est,
322 503 356 558 ad
372 503 458 560 sancti
485 502 512 556 in
529 500 606 568 crtjus
627 502 736 558 rtotrtioe
757 502 947 571 praetitulatur,
966 516 1008 555 re·
1059 511 1089 556 ut
1102 517 1148 556 eos
1163 500 1312 568 relellereta
1325 504 1373 560 sed
1392 519 1447 559 nort
1470 507 1508 560 ita
1523 519 1553 559 se
1567 519 1612 559 res
1626 506 1719 560 hamt.
1731 507 1854 568 Furorum

218 575 385 631 perationem
409 587 489 644 pesse
507 571 614 634 deduci,
636 571 708 642 guod
729 570 786 627 heri
808 585 897 642 pesse,
925 571 1009 628 nullis
1058 573 1131 628 enlm
1146 572 1174 626 hi
1188 572 1249 626 libri
1264 573 1305 628 rel
1318 590 1334 628 a
1346 572 1444 629 Carolo
1459 575 1556 644 blegne
1567 574 1621 635 rel,
1637 575 1805 645 caldecote,
1818 583 1857 639 ab

217 643 332 701 rationis
343 640 451 698 indiciis
462 640 631 696 evidentibus
645 651 734 712 potest
748 641 900 711 approbari.
920 660 930 693 ι
1059 642 1122 702 aiio,
1138 642 1212 711 regio
1223 640 1283 711 ejus
1295 644 1406 700 nomine
1417 645 1558 713 compositi
1573 659 1605 699 ac
1619 646 1731 716 vulgati.

253 714 280 771 8.
295 713 388 768 Nonne
402 710 425 766 is
437 721 531 768 auctor
552 725 584 765 ea
610 727 669 780 qua
682 711 745 765 olim
758 727 773 764 a
788 710 942 766 b'ieeniset
957 709 1009 766 llo·
1094 710 1122 766 ld
1145 726 1210 765 sero
1237 713 1367 781 probator
1398 730 1431 769 et
1458 715 1541 769 totius
1567 714 1658 783 operis
1682 716 1854 786 praelatione.

219 783 306 838 manis
327 802 336 834 r
355 791 416 836 aute
433 791 588 837 sanctorum
602 779 732 851 imagines
748 782 945 836 concinnantur
966 780 1008 833 ht·
1063 781 1237 845 ranuiam,
1253 782 1356 849 irtqttit,
1371 783 1399 838 in
1414 784 1542 839 Ecclesiae
1554 783 1615 838 sinu
1630 787 1707 856 regui
1718 789 1854 856 guberna-

221 853 386 915 asinariam
408 851 550 905 adolentur
566 850 751 921 thymiamata,
772 868 781 899 s
801 850 889 916 palam
906 859 935 904 et
947 864 1008 904 rer·
1060 851 1119 904 etrla
1145 851 1259 904 Domino
1273 853 1409 908 tribuente
1429 854 1615 923 suscepimus,
1630 870 1742 911 accuse
1760 866 1803 912 est
1823 869 1855 914 ot

219 923 261 980 bis
274 920 381 991 quidem
395 919 759 988 acerbissimis‘inscctatur‘l
782 919 876 972 Neutro
899 919 934 975 iis
958 919 1009 976 hoe
1060 919 1087 974 in
1102 917 1160 986 eirs
1173 917 1343 987 defensione,
1357 931 1381 977 et
1402 923 1437 978 nb
1450 921 1509 991 ejus
1520 923 1729 992 exaltationem,
1743 927 1857 985 Christe
1894 939 1900 946 '

220 992 329 1055 nontipe
344 1012 353 1040 ι
375 989 513 1045 vesaniam
541 989 737 1044 rationabiliter
762 988 978 1044 subsannandam
996 1007 1007 1041 ι
1059 989 1217 1053 ausiliante,
1229 998 1285 1045 tcto
1299 993 1396 1047 anniso
1408 1002 1570 1048 certentuso
1584 992 1644 1048 iles
1655 1010 1662 1047 ι
1673 1012 1683 1045 ι
1693 994 1769 1060 Quod
1776 1012 1854 1066 epse,

218 1059 385 1132 exprobrat?
400 1058 504 1123 Nonne,
516 1073 596 1127 spreto
617 1057 736 1124 detonat,
759 1056 837 1126 ltttjos
860 1060 1010 1114 veneratio·
1061 1058 1163 1126 innuit,
1179 1061 1297 1129 aggressi
1311 1076 1421 1127 sumus,
1435 1077 1497 1117 eum
1511 1062 1666 1117 cohibentia
1682 1068 1855 1123 sacerdotum

220 1132 263 1188 nis
276 1131 358 1184 ritum
370 1129 409 1184 sic
421 1127 560 1192 describit,
573 1139 602 1183 ut
614 1129 737 1183 ettntdetn
751 1143 810 1182 csse
823 1142 884 1182 eum
909 1143 941 1183 eo
964 1143 1010 1197 ap·
1062 1128 1087 1182 in
1103 1142 1187 1197 regno
1201 1143 1216 1182 a
1231 1129 1287 1183 beo
1307 1131 1386 1187 uobis
1404 1146 1550 1196 mercasse,
1565 1133 1708 1188 catholicis
1726 1139 1856 1208 gregibus

210 1208 322 1270 pareat,
335 1198 380 1268 qui
395 1199 429 1252 ab
443 1198 605 1252 adversariis
619 1197 786 1267 usurpatur?
802 1197 869 1251 Natu
888 1196 922 1251 de
941 1197 1009 1254 dua-
1060 1198 1252 1320 ffmlautrom,
1278 1214 1330 1255 oon
1353 1201 1515 1271 arrogantiae
1532 1203 1699 1270 supercilio,
1723 1206 1771 1260 sed
1794 1207 1855 1262 zelo

220 1285 279 1324 rum
293 1268 464 1340 pulchrarum
492 1266 652 1321 sentinarum
680 1268 840 1338 irnaginibus
866 1267 947 1322 rerba
967 1267 1010 1321 la·
1085 1267 1150 1322 ciet
1167 1267 1289 1324 ueritatis
1303 1270 1402 1326 studio.
1420 1291 1429 1323 ι
1446 1270 1751 1341 materterarum,
1767 1294 1777 1325 t
1793 1275 1856 1347 ltp-

219 1340 304 1403 eicns,
319 1353 432 1408 qttarurn
444 1352 497 1391 urta
513 1337 603 1391 blariae
613 1337 658 1404 sil,
674 1337 758 1392 altera
772 1336 900 1402 Verteris;
918 1356 927 1388 ι
944 1336 1008 1402 Ista,
1060 1337 1154 1406 pinum
1166 1351 1255 1407 regern
1266 1339 1426 1395 reperandae
1438 1340 1576 1396 ammonite
1587 1342 1737 1410 genitorem
1749 1360 1828 1399 suem
1843 1365 1855 1398 ι

220 1409 318 1478 inquit,
332 1409 378 1477 qui
398 1407 652 1476 strperscriptiooeut
675 1406 722 1460 Dei
749 1406 893 1462 Genitricis
916 1407 1007 1471 habet,
1062 1406 1197 1475 appellen
1217 1405 1296 1473 eujus
1313 1424 1415 1477 straqee
1428 1424 1494 1465 cura
1511 1408 1636 1464 ellectum
1657 1411 1704 1475 ait,
1724 1422 1753 1466 ut
1773 1413 1857 1469 Galli·

218 1479 343 1550 erigitur,
357 1479 514 1541 tronoratur,
528 1475 676 1530 oseulatur.
694 1494 704 1529 ι
722 1474 788 1541 Quae
803 1490 881 1530 neruo
904 1491 958 1530 raon
970 1475 1009 1528 ri·
1062 1491 1137 1530 canae
1149 1476 1263 1543 aliaeue
1275 1476 1430 1533 Occidentis
1445 1478 1594 1545 Ecclesiae,
1610 1480 1637 1534 io
1661 1481 1794 1550 psallendi
1812 1499 1857 1539 or-

216 1548 275 1616 det,
294 1547 380 1616 inquit
395 1545 520 1608 budaeus,
534 1545 627 1599 eadent
640 1544 685 1597 iila
698 1560 758 1600 esse
769 1561 828 1613 puae
842 1544 920 1599 hodie
931 1545 1009 1600 liunt.
1063 1544 1126 1600 diue
1140 1560 1202 1600 euro
1219 1545 1340 1602 ιὶοιιιιιιιι
1355 1548 1561 1604 concordarent

255 1616 282 1673 9.
297 1617 398 1672 Eotletu
415 1615 532 1684 pertinet
554 1614 626 1682 quel
653 1614 697 1670 ille
714 1614 809 1670 scribit
825 1614 872 1668 lib.
892 1631 929 1678 ιι,
948 1630 1008 1684 cap.
1099 1612 1234 1679 &cunda
1249 1616 1276 1671 id
1286 1618 1418 1687 probetur
1435 1633 1467 1672 cr
1481 1618 1596 1688 epistola
1609 1619 1732 1690 synodah
1746 1623 1856 1679 cmeilii

219 1686 265 1743 et.
283 1684 375 1744 Refert
387 1686 458 1739 enirn
472 1699 505 1739 eo
515 1684 575 1740 loco
588 1683 618 1737 ll.
633 1684 769 1755 Virginem
796 1684 870 1756 pingi
892 1685 1009 1750 solitura,
1028 1708 1050 1766 Β
1064 1681 1225 1740 parisiensis
1239 1688 1289 1741 sub
1303 1686 1439 1745 bedonico
1451 1687 1500 1741 Pio
1514 1690 1650 1746 incudem
1664 1704 1746 1745 causa
1759 1692 1856 1759 habiti,

219 1755 297 1814 aselii
312 1755 460 1826 gestamine
471 1762 587 1819 vectare,
599 1769 711 1824 puerum
734 1755 762 1809 in
777 1755 848 1809 ulnis
868 1753 1011 1820 ferentem,
1066 1752 1269 1812 adbudcricum
1278 1765 1306 1810 et
1313 1754 1470 1812 botharium
1480 1758 1667 1828 imperatores,
1675 1759 1749 1815 data.
1759 1779 1769 1812 t
1780 1762 1858 1816 Eam·

219 1823 318 1899 loseph
333 1824 432 1896 praetia
447 1824 474 1878 in
497 1823 645 1895 AEgpprurn
667 1824 886 1879 descendentem.
915 1824 955 1879 Ex
982 1840 1015 1880 ea
1066 1822 1127 1878 «lem
1140 1839 1222 1893 perro
1236 1830 1387 1895 syriorum,
1402 1827 1508 1896 inquit,
1523 1843 1584 1882 cum
1597 1837 1700 1884 sauctae
1719 1833 1859 1888 nteuoriar

217 1905 310 1951 autern
338 1896 443 1965 pletura
468 1903 673 1964 argumentatur
699 1909 707 1948 :
731 1893 760 1948 Si
786 1895 875 1963 imago
896 1894 1015 1965 Virginis
1065 1895 1171 1963 genitor
1184 1902 1274 1951 vestm
1286 1911 1377 1952 coram
1395 1912 1425 1952 se
1438 1898 1548 1966 suisque
1565 1898 1666 1969 perlegi
1679 1896 1809 1965 ferisset,
1827 1910 1857 1956 et

217 1967 357 2021 aderanda
377 1964 421 2027 sit,
437 1963 602 2018 adorandam
616 1964 707 2018 torena
721 1980 780 2018 csse
792 1963 938 2017 atriruantls
949 1966 1017 2018 irua-
1066 1963 1157 2020 tttultis
1170 1964 1198 2020 in
1213 1965 1299 2030 locis,
1315 1973 1345 2022 tat
1359 1965 1468 2038 dignum
1482 1977 1560 2032 erat,
1575 1968 1812 2035 reprehendisset,
1827 1979 1857 2027 et

220 2034 323 2107 ginern,
333 2033 403 2113 qood
425 2032 500 2088 ottilo
512 2040 590 2102 paeto
608 2048 702 2088 earum
715 2036 742 2090 in
755 2032 894 2087 adorando
914 2033 1016 2090 direm-
1065 2033 1188 2100 quedam
1203 2035 1330 2104 capitula,
1345 2049 1405 2105 quaa
1418 2036 1618 2104 reprehensioni
1633 2040 1771 2108 petebant,
1786 2056 1857 2108 prae-

220 2106 277 2177 ptic
291 2104 350 2160 iicrr
364 2102 448 2175 possit
465 2116 472 2155 a
488 2123 498 2155 t
516 2102 570 2156 hot
586 2103 727 2172 utriusque
743 2102 863 2158 adoratio
875 2112 918 2158 est
941 2119 1016 2173 sper·
1065 2110 1198 2168 notasset,
1224 2118 1309 2171 earpee
1334 2120 1382 2174 per
1405 2105 1591 2175 engilbertum
1620 2109 1744 2164 abbatem
1767 2110 1856 2166 estem

221 2174 319 2234 nendo.
333 2184 379 2228 aut
389 2181 510 2240 utraeque
524 2181 587 2227 strut
610 2173 761 2228 adorande.
784 2190 793 2224 ι
807 2172 878 2242 Ergo
889 2189 952 2227 eum
964 2185 1016 2230 true
1066 2172 1201 2228 linitione
1218 2189 1293 2242 papae
1307 2174 1458 2240 direxisset,
1474 2184 1503 2229 ut
1516 2175 1590 2230 illius
1599 2173 1702 2243 indere
1715 2185 1744 2232 et
1761 2189 1858 2235 ancto-

220 2246 256 2301 sit
279 2242 514 2308 absurdissimum,
528 2241 594 2298 illud
608 2244 760 2314 pouerrdruo
781 2249 826 2311 atq
840 2259 861 2296 'e
883 2242 1015 2298 carditeo·
1065 2242 1146 2298 ritate
1166 2243 1453 2315 corrigerertturalpse
1477 2257 1571 2300 rursus
1588 2243 1703 2303 farmido
1721 2246 1793 2314 illis,
1808 2249 1856 2319 gni

221 2315 286 2371 dum
297 2328 357 2369 esse
374 2311 521 2368 concludit.
537 2311 596 2368 iam
611 2312 671 2383 quis
689 2329 742 2368 non
761 2313 896 2381 intelligit,
915 2327 946 2366 ea
971 2329 1016 2367 ra·
1065 2309 1123 2379 tius
1144 2312 1274 2368 instinctu
1293 2323 1348 2368 tatu
1371 2313 1558 2384 superstitiose
1579 2323 1687 2383 tamque
1707 2317 1856 2388 incongrua

222 2382 396 2440 ticcinaticne
413 2383 559 2450 quotalibet
582 2382 729 2452 imaginum
759 2382 954 2447 atloratrouem,
965 2397 1013 2438 seu
1065 2381 1219 2437 testimonia
1235 2391 1383 2438 memorato
1394 2384 1470 2453 operi
1482 2384 1669 2451 inseruerant,
1685 2401 1734 2456 per
1748 2388 1854 2458 singola

222 2453 384 2519 absolutam,
401 2466 447 2505 seu
467 2452 616 2518 relatiuam,
641 2468 689 2507 seu
703 2453 820 2515 latriam,
833 2467 880 2507 seu
900 2451 1012 2517 duliam,
1063 2451 1181 2506 carbula
1204 2453 1231 2508 in
1254 2451 1362 2510 illorum
1385 2453 1586 2509 exeusationem
1609 2455 1774 2524 respondere
1795 2472 1858 2526 prro

221 2523 334 2580 cornino
345 2520 520 2590 funditusque
531 2522 662 2588 subuerti,
680 2539 741 2578 cute
765 2522 878 2577 istorum
893 2522 1012 2578 cultorne
1063 2467 1157 2584 voluta,
1173 2537 1227 2578 nco
1241 2531 1331 2579 tamen
1344 2523 1515 2591 quaedecuit,
1534 2531 1647 2578 muatm
1661 2534 1712 2580 est.
1729 2544 1739 2578 ι

223 2593 324 2659 nullus,
336 2593 509 2661 quantumuis
526 2593 649 2662 exiguus,
665 2592 811 2647 animantis
822 2591 934 2662 imagini
945 2608 1013 2648 eon-
1103 2589 1204 2656 Tertio,
1218 2592 1392 2662 probatores
1405 2591 1535 2650 Hadriani
1549 2593 1558 2650 Ι
1571 2594 1747 2662 responsione
1759 2596 1793 2650 ad
1804 2594 1858 2652 Ca-

222 2663 353 2718 reniattr
372 2659 439 2716 Com
453 2674 528 2733 ergo,
543 2661 640 2731 inquit,
662 2664 748 2717 alteru
762 2661 796 2715 ab
809 2659 895 2715 altera
921 2661 1012 2716 diritui
1064 2657 1151 2714 rolant
1166 2660 1290 2730 ilagnom
1309 2662 1410 2727 missa,
1424 2677 1478 2731 qua
1501 2664 1589 2733 primo
1611 2671 1728 2719 testatus
1754 2676 1857 2735 qnaoto

215 2735 281 2788 sine
291 2730 403 2787 dissidio
415 2742 542 2800 neqtreat,
556 2743 586 2786 e:
597 2743 727 2801 utrmque,
740 2747 774 2787 ne
786 2731 855 2786 lerte
867 2732 1014 2786 animantis
1064 2743 1125 2786 cnm
1139 2744 1231 2785 amore
1244 2730 1430 2812 engilbertum
1440 2733 1564 2788 abbatem
1574 2733 1749 2802 suscepisset,
1762 2736 1854 2791 addit:

220 2804 312 2873 imago
326 2801 461 2866 adoretur,
469 2800 575 2856 adorari
589 2817 642 2857 troo
653 2802 779 2866 debeant,
792 2808 876 2856 restat
888 2812 918 2856 ut
933 2811 1013 2856 utra>-
1066 2798 1163 2854 «luter
1181 2814 1241 2869 quae
1259 2801 1343 2856 cdtdit
1364 2801 1441 2858 nohis
1461 2802 1608 2872 capitulare
1636 2803 1766 2859 adsersus
1792 2821 1857 2876 syo·

222 2888 275 2943 tpue
293 2871 459 2928 adorationis
482 2872 582 2927 bonore
604 2881 716 2926 careant
729 2886 736 2924 :
750 2879 777 2926 et
792 2880 1012 2928 ornamentorum
1063 2868 1221 2937 odomquor
1230 2884 1279 2993 prro
1289 2885 1427 2926 sacrarum
1434 2871 1579 2941 imaginum
1586 2872 1722 2927 erectione
1734 2874 1856 2934 ioNloeea

222 2940 392 2998 solummodo
403 2941 430 2995 in
441 2941 571 3004 basilicis,
583 2949 629 2996 aut
647 2941 674 2995 in
685 2942 850 3010 quibuslibet
867 2940 934 2996 locis
952 2940 1012 2995 loca
1063 2945 1123 2994 acta
1142 2949 1219 2993 est.»
1258 2955 1304 2993 um
1326 2954 1374 3011 per
1396 2941 1605 3011 uonmeuadque
1625 2942 1771 3012 capitulum
1809 2959 1854 2998 re·

224 3020 345 3076 teneant,
356 3019 383 3065 ct
398 3012 590 3081 aspicientibus
601 3027 689 3066 rerutn
703 3020 840 3082 gestarum
853 3011 1010 3066 memoriam
1026 3043 1050 3106 c
1064 3022 1192 3088 sponsum
1206 3009 1320 3066 reddere
1334 3010 1497 3081 aggreditur.
1512 3010 1583 3067 Sunt
1596 3019 1687 3066 autem
1700 3012 1759 3082 ipsa
1773 3013 1854 3069 Caro

220 3082 370 3155 praebcant.
382 3097 391 3131 ι
672 3141 676 3148 Ι
1066 3077 1112 3131 ltnt
1128 3075 1218 3147 operis
1231 3078 1359 3148 capitula,
1372 3088 1476 3134 mutato
1488 3080 1618 3136 duntaxat
1630 3082 1736 3136 ordine.

258 3152 302 3205 lt).
319 3152 461 3212 Praeterea,
474 3148 596 3205 Nicmncs
605 3148 699 3206 Patres
710 3149 897 3221 imprudentiae
906 3157 934 3205 ct
947 3165 1012 3219 pra,-
1099 3145 1381 3214 Quarto,llioctnarus
1395 3147 1556 3206 Rhomensis
1569 3150 1797 3223 archiepiscopus,
1806 3153 1855 3210 tiu.

222 3219 384 3292 sumptionis
398 3221 486 3288 arguit
504 3221 551 3273 lib.
567 3236 609 3284 ιιι,
625 3235 684 3289 cap.
714 3220 757 3285 ll,
777 3221 848 3290 quod
870 3220 1012 3274 anathema
1063 3218 1343 3274 contrailiocmarurn
1363 3219 1653 3290 Madaurensemeap.
1676 3219 1771 3286 seme
1792 3239 1858 3305 spa·

219 3290 340 3345 dixerint
354 3288 436 3344 totius
455 3289 546 3344 orandi
570 3289 707 3357 Ecclesiis,
723 3300 898 3358 anteqttama
921 3290 1013 3360 singu·

223 3363 309 3414 larum
321 3358 520 3431 provinciarum
540 3359 680 3425 Ecclesiis,
692 3360 774 3415 otissa
787 3359 929 3429 legatione,
946 3361 1012 3414 scri·

224 3430 331 3501 ptisque
344 3428 466 3500 epistolis
480 3429 610 3486 sciscitati
623 3439 723 3495 essent,
743 3447 752 3481 ι
770 3429 866 3486 Utrum
880 3429 1012 3498 imagines

223 3499 404 3565 odorariam
426 3514 479 3554 nnn
502 3499 611 3554 adorari
633 3500 799 3555 deberent.»
824 3497 891 3552 illud
917 3514 1011 3554 eorum

219 3569 391 3625 anathemat
410 3568 642 3624 dementissimum
666 3589 676 3622 ι
691 3579 787 3636 rccat3
813 3568 914 3638 aitque,
930 3588 940 3620 ι
956 3568 1011 3624 'lo-

220 3637 363 3694 lerahilius
375 3651 435 3693 esse
449 3639 483 3695 ab
495 3637 555 3693 istis
567 3641 713 3705 exsecrari,
726 3655 806 3708 qrrarn
817 3655 879 3694 curn
902 3639 957 3694 illis
968 3654 1011 3694 res

222 3708 374 3765 insensatas
386 3719 480 3763 contra
494 3708 645 3763 diuinarum
668 3708 868 3780 scripturarum
889 3708 1011 3764 instituta

223 3779 345 3834 adorare.
362 3795 372 3830 ι
393 3779 439 3834 llis
452 3778 542 3848 itaque
561 3779 675 3846 aliisque
691 3779 725 3833 de
751 3779 849 3842 causis,
874 3775 1010 3834 Nicaeam

224 3849 294 3903 hanc
317 3847 448 3919 synodum
471 3848 549 3918 longe
566 3858 593 3901 et
605 3848 676 3902 ultra
698 3863 777 3917 qnam
796 3849 850 3904 dici
865 3856 962 3916 potest,
976 3849 1011 3903 ab

222 3918 269 3972 illa
284 3917 386 3973 distare
397 3918 435 3971 ait
452 3932 512 3988 quae
526 3918 590 3973 olim
608 3917 635 3972 in
650 3917 743 3973 eadem
756 3919 823 3972 urbe
844 3927 939 3972 contra
952 3919 1010 3974 brii

222 3987 361 4057 perhdiam
373 3988 466 4042 habita
479 3989 566 4041 luerat
578 4002 586 4042 a
600 4006 609 4039 r
630 3986 697 4041 Cum
712 3987 768 4052 illa,
796 3988 893 4056 inquit,
912 3987 1009 4042 Ecde-

222 4057 290 4112 siam
302 4056 461 4113 catholicam
476 4057 741 4122 aberrarercduest,
759 4061 811 4112 ista
832 4072 848 4111 e
873 4059 1011 4114 contrarie

223 4127 251 4181 in
265 4140 385 4182 errorem
400 4125 528 4192 inducat;
544 4127 590 4182 iila
604 4142 619 4180 a
637 4125 932 4196 periculosissimohrli
943 4142 1010 4181 nao-

224 4195 309 4267 lragio
321 4212 380 4251 cam
395 4195 521 4265 depellat,
536 4198 587 4251 ista
600 4212 661 4250 earn
675 4196 703 4250 in
719 4197 915 4252 adorandarum
943 4196 1010 4254 irne-

221 4266 314 4391 giuum
326 4263 492 4336 nautragtutu
503 4274 623 4322 coactam
635 4263 771 4335 impellat;
785 4266 831 4319 illa
842 4263 940 4320 Filiam
949 4280 1010 4322 esse

1063 3286 1115 3341 edo
1127 3286 1241 3356 septima
1250 3288 1362 3357 loquens
1376 3304 1392 3341 a
1405 3288 1641 3346 Francolordiensi
1652 3292 1769 3347 concilio
1779 3292 1857 3348 aba·

1063 3365 1141 3421 cata,
1163 3358 1222 3411 hnc
1243 3357 1398 3428 subjungit:
1414 3377 1423 3409 ι
1437 3358 1476 3413 De
1499 3358 1577 3428 ctrjtts
1598 3360 1781 3417 destructione
1800 3377 1858 3420 trec

1064 3426 1198 3480 medicum
1220 3427 1365 3493 volumen,
1381 3428 1452 3496 gued
1466 3428 1493 3481 in
1516 3429 1617 3499 palutio
1636 3428 1856 3488 adolescentulus

1063 3493 1130 3564 legi,
1142 3496 1176 3549 ab
1189 3493 1283 3550 cedern
1295 3497 1458 3567 imperatore
1469 3498 1607 3569 (nimirum
1617 3499 1726 3570 Cereio)
1741 3500 1856 3557 hemam

1062 3574 1104 3645 est
1116 3578 1163 3634 per
1177 3567 1307 3633 qttnsdam
1321 3568 1461 3638 episcopos
1472 3567 1596 3633 missum,
1610 3569 1638 3624 in
1651 3568 1728 3638 eujus
1739 3569 1856 3627 relumi-

1063 3635 1856 3772 tatilllll‘tlitdtitillata-''tritta‘td

1064 3788 1126 3826 rum
1140 3774 1202 3829 iibri
1216 3776 1305 3843 quarti
1320 3785 1400 3857 caput
1411 3776 1552 3843 describit,
1586 3725 1647 3834 lmgg
1661 3778 1732 3834 idem
1745 3794 1807 3836 cum
1821 3795 1856 3837 eo

1062 3843 1132 3911 qnod
1147 3842 1244 3913 iegitur
1257 3845 1284 3899 in
1298 3846 1375 3902 libne
1392 3846 1551 3902 Careiioisa
1565 3794 1634 3904 {imo
1648 3847 1739 3904 editis.

1097 3911 1215 3980 Quinto,
1233 3914 1398 3985 exemplaria
1418 3929 1484 3971 mss.
1499 3915 1658 3974 Vaticanum
1679 3925 1707 3971 et
1720 3916 1855 3974 Tilianttnt

1062 3979 1151 4037 Caroli
1171 3998 1269 4038 conten
1282 3983 1436 4054 praeierunt.
1452 3986 1584 4041 Postremi
1598 3987 1670 4042 bunc
1687 3985 1770 4042 luisse
1789 3988 1855 4046 titu-

1063 4051 1117 4105 lum
1135 4051 1222 4107 Tilius
1242 4053 1299 4135 ipse
1321 4053 1463 4111 bleldensis
1484 4057 1625 4138 episcopus
1641 4056 1782 4127 prodidit:
1797 4075 1807 4108 ι
1824 4058 1855 4113 io

1061 4121 1170 4175 nominc
1182 4122 1290 4177 Donatui
1301 4132 1329 4177 et
1342 4124 1491 4180 Salvatoris
1503 4135 1588 4182 trostrt
1602 4124 1664 4182 Jestt
1679 4126 1798 4191 Christi,
1812 4128 1856 4184 io-

1062 4190 1128 4315 ¹ciispit
1135 4189 1649 4320 ἧξιιοὲιιιῗίιιιξῧίὣιίὃιθιιιιθιιιιιέἰειίιιιί
1661 4212 1708 4254 scu
1721 4197 1858 4321 sphceflabi·

1127 4279 1131 4286 ’
1170 4301 1178 4325 ,
1246 4281 1262 4314 o
1285 4303 1293 4327 ,
1463 4280 1534 4335 regis
1571 4280 1723 4331 raucorum,
1764 4281 1780 4322 a
1802 4283 1855 4332 tas,

234 4336 295 4391 ‘atri
319 4336 574 4391 consubstantialem
601 4344 629 4391 et
657 4344 821 4393 coaeternum
855 4334 1007 4404 perdoceat,
1061 4329 1250 4397 Gernratriam,
1266 4332 1509 4402 ltaliatuqua,sitre
1529 4337 1623 4390 barum
1644 4335 1775 4392 linitimas
1792 4351 1857 4407 pro-

222 4407 275 4461 ista
288 4421 335 4469 res,
355 4404 505 4461 insensatas
524 4407 637 4462 adorare
648 4412 817 4476 percenseat,
830 4413 883 4464 etc·
911 4402 941 4459 ln
962 4405 1009 4461 illa
1026 4394 1174 4463 Drincias,
1184 4402 1297 4458 Domino
1310 4402 1457 4473 opitulante
1472 4404 1600 4477 regentis,
1614 4415 1709 4462 contra
1720 4409 1856 4486 synodum

221 4479 398 4530 exsecrentur
410 4489 503 4529 eorum
513 4476 696 4546 blasphemiae,
709 4477 766 4544 eui,
778 4475 875 4531 Filium
886 4487 1011 4531 coessen-

223 4544 314 4599 tialem
327 4539 402 4596 Patri
417 4557 467 4597 uec
488 4545 611 4610 medeor,
625 4559 676 4601 nee
690 4545 827 4610 latentur;
843 4545 870 4601 in
894 4547 946 4600 ista
959 4545 1010 4601 ab·

222 4613 367 4678 ominetur,
382 4626 475 4668 eorum
490 4613 668 4684 puritasque
680 4625 770 4686 spreta
783 4615 950 4686 picturarum
963 4618 1011 4671 ad·

222 4681 357 4744 credone,
369 4681 420 4736 seli
428 4680 484 4737 hen
496 4697 525 4737 se
536 4687 685 4740 servituros
698 4697 807 4740 strenua
820 4694 910 4740 rneote
920 4693 948 4740 et
961 4685 1008 4741 de·

223 4758 406 4820 vetopectcre
419 4753 617 4821 praetentae.»
639 4753 679 4810 Er
701 4754 798 4825 quibus
823 4754 928 4824 colligit
948 4754 1010 4811 hal·

223 4820 299 4885 leus,
315 4834 373 4893 cap.
389 4819 417 4888 ὅ,
433 4835 530 4876 noram
543 4830 599 4880 turn
614 4825 743 4895 temporis
757 4823 828 4893 apud
840 4825 1010 4883 Christianos

222 4889 307 4948 [aime
320 4891 484 4964 opiniooetn,
496 4906 577 4963 qoam
589 4909 660 4949 none
674 4894 708 4949 de
729 4893 877 4965 imaginent
899 4909 1010 4952 reuera·

222 4959 297 5016 tione
311 4970 426 5024 tuemur,
440 4975 552 5030 eamque
573 4963 720 5020 catholicos
744 4973 801 5018 torn
827 4966 1008 5035 impugnasse,

222 5029 385 5100 elcuthedie
399 5040 580 5100 protes-ames
603 5043 776 5106 oppuguant;
803 5033 931 5092 Carolum
959 5035 1010 5090 bia-

221 5117 314 5172 gnum,
330 5100 449 5171 irtqnam,
462 5110 600 5173 totumque
624 5119 676 5162 utra
698 5104 849 5164 Germaniae
873 5121 906 5162 ac
928 5104 1011 5162 Galli-

221 5186 297 5227 caom
308 5170 436 5227 Ecclesiae
447 5170 559 5227 clerum.

222 5279 237 5354 g
254 5279 468 5354 lb-Rerpoesio
482 5283 587 5339 illoram
603 5284 763 5355 conletatur,
778 5287 822 5358 gui
833 5285 912 5342 libros
926 5286 1010 5341 Cero-

257 5351 325 5405 liuor
335 5352 449 5422 alicujus
464 5353 579 5410 heretici
592 5370 721 5426 operette
733 5358 873 5426 rcriprerc,·
887 5366 910 5410 ct
922 5369 1009 5411 orten-

257 5422 330 5475 diter
340 5420 446 5476 iliorum
459 5434 591 5478 sartorem
604 5440 659 5478 esse
670 5423 794 5479 Cerohrm
808 5424 944 5496 Magnam.

257 5509 324 5565 sarm
338 5509 419 5568 Surio
430 5553 438 5579 ,
450 5521 478 5570 ct
491 5514 671 5579 bellarmino,
686 5515 747 5571 aliis
767 5515 905 5572 nonnullis
922 5517 1010 5575 risum

224 5587 263 5632 est
279 5579 360 5638 libros
370 5581 513 5664 ‘carolinas
528 5585 731 5666 rehgiosissintc
744 5585 899 5668 imperatori
912 5602 1010 5658 perpe·

225 5663 282 5704 rant
308 5661 450 5722 ascriptos,
461 5661 521 5741 eta
546 5671 637 5710 nascio
657 5671 710 5725 quo
733 5667 849 5729 scriptos
870 5656 1010 5726 haeretice,

1062 4484 1122 4538 qrtae
1142 4471 1305 4540 inpartibus
1324 4473 1435 4529 Graeciae
1452 4489 1503 4543 pro
1525 4475 1671 4534 adorandis
1691 4475 1744 4530 iura
1764 4475 1857 4532 'mbos

1062 4539 1160 4594 stolide
1180 4542 1237 4596 sire
1258 4552 1416 4614 arroganter
1436 4552 1511 4615 gesta
1531 4552 1584 4600 est.
1600 4564 1609 4597 r
1626 4545 1720 4613 traque
1762 4544 1856 4600 areius

1062 4607 1174 4682 Magnos
1185 4611 1263 4666 istius
1273 4613 1362 4682 operis
1372 4620 1528 4679 auctorest,
1539 4621 1586 4668 aut
1596 4623 1670 4672 certe
1685 4629 1719 4670 eo
1729 4613 1854 4683 jubente,

1062 4681 1096 4736 ab
1110 4679 1164 4736 ulio
1182 4697 1214 4736 ex
1229 4680 1287 4750 rjus
1300 4696 1415 4753 pemeus
1434 4692 1463 4739 et
1476 4686 1585 4740 nourine
1603 4682 1668 4739 illud
1682 4691 1725 4739 est
1737 4683 1855 4740 eornm

1097 4749 1217 4818 illector
1235 4760 1324 4808 tamen
1338 4752 1428 4822 operis
1448 4753 1567 4811 carolini
1585 4753 1670 4812 libres
1689 4753 1724 4810 ad
1743 4751 1858 4812 Hadria·

1063 4835 1127 4902 num
1151 4821 1307 4892 pontificem
1330 4819 1573 4895 thornehage
1595 4838 1646 4894 pcr
1664 4823 1855 4894 Αιιεὶιιιιτιιιιιι

1062 4904 1159 4946 missos
1180 4907 1233 4947 ooo
1255 4891 1390 4957 existimo,
1411 4908 1564 4963 quanquam
1586 4908 1709 4950 asserere
1728 4893 1855 4950 tidmtcr

1062 4957 1231 5027 llinrmarus,
1247 4965 1293 5018 sed
1304 4962 1422 5032 capitem
1433 4963 1564 5018 duntaxat
1579 4964 1704 5020 lemmata
1716 4963 1774 5019 sire
1784 4964 1854 5018 titu-

1061 5030 1111 5086 los.
1131 5030 1232 5097 Primo,
1244 5033 1307 5102 qriia
1321 5048 1372 5090 uec
1389 5034 1567 5102 argumentis,
1582 5049 1633 5089 nec
1646 5034 1776 5089 comiciis
1791 5048 1854 5098 ntae

1061 5108 1118 5155 teto
1134 5102 1306 5157 continentur
1322 5117 1413 5172 opere,
1435 5103 1555 5173 pontifex
1571 5106 1725 5173 respondet,
1739 5117 1855 5172 respon-

1060 5185 1141 5225 surus
1157 5172 1284 5243 utirpuesi
1303 5172 1426 5240 legissem
1442 5172 1488 5229 sed
1503 5173 1648 5243 uuicuique
1660 5174 1739 5229 titulo
1750 5173 1853 5242 dormii-

1061 5255 1119 5294 cern
1133 5239 1192 5310 rjus
1204 5244 1274 5311 qttnd
1293 5244 1485 5311 reprehensum
1503 5258 1536 5298 ac
1549 5245 1728 5314 improbatum
1743 5251 1794 5304 est.
1806 5245 1855 5298 de·

1059 5308 1209 5366 sensionem
1222 5311 1338 5381 sutrjicit.
1352 5312 1487 5378 Secundo,
1499 5314 1562 5382 quia
1575 5328 1624 5368 trec
1644 5315 1679 5367 ad
1689 5313 1794 5383 singula
1808 5327 1854 5368 m·

1060 5380 1146 5447 pirum
1169 5381 1295 5437 lemmata
1321 5384 1480 5454 respondet,
1503 5399 1555 5438 uec
1573 5399 1622 5448 ec,
1650 5398 1704 5452 quo
1726 5382 1755 5437 io
1775 5382 1854 5438 libris

1060 5453 1324 5576 quatuchroposita
1339 5462 1418 5518 sunt,
1434 5452 1538 5510 ortline.
1552 5451 1653 5518 Tertio,
1665 5452 1729 5522 qnia
1741 5451 1855 5508 hadria·

1060 5535 1122 5584 nus,
1137 5521 1164 5575 io
1203 5523 1315 5593 pelegiae
1326 5538 1386 5591 cap.
1404 5523 1533 5592 trigesimo
1572 5523 1665 5586 uicto,
1684 5531 1854 5592 postrenum

1060 5590 1205 5659 capitulum
1225 5609 1257 5649 et
1277 5593 1361 5648 misso
1378 5594 1456 5649 adse
1473 5594 1545 5662 capit
1590 5593 1614 5648 ri
1633 5592 1726 5658 telert,
1750 5591 1778 5648 ht
1796 5605 1853 5660 etto

1062 5659 1317 5720 Fraoeeicrdiensca
1331 5662 1461 5732 presules
1475 5663 1513 5718 ita
1527 5662 1693 5734 hguuotur:
1708 5681 1717 5713 r
1735 5661 1771 5719 ttt
1781 5662 1854 5718 aciat
