4050 6192
153 278 207 336 90¹5
581 265 611 320 ii.
632 259 758 319 cnubbl
777 253 885 313 dauni
901 251 978 311 OPP.
997 248 1090 308 PARS
1106 249 1138 306 ll.
1158 245 1280 306 sueno
1291 246 1313 303 l.
1728 230 1782 288 adt

153 388 353 464 respous‘soues,
373 390 453 455 prout
476 393 574 451 curque
597 376 686 441 libuit,
706 372 844 445 perlegere
863 368 945 439 iussi·
959 368 983 428 Α
996 365 1129 439 gloriosos
1146 372 1220 420 stare
1240 360 1379 426 comedar,
1404 366 1433 415 ct
1452 371 1547 414 meust
1565 354 1712 428 optabilem
1730 371 1791 414 euru

155 497 226 538 mus.
257 478 328 547 Quid
340 489 405 530 uero
417 474 451 529 de
467 485 501 526 eo
514 467 603 524 libelle
623 464 753 536 presules
765 459 948 518 Ecclesiamar
997 456 1185 529 operatoribus
1198 452 1353 525 apostolice
1377 449 1440 507 lldci
1464 449 1559 505 audire
1571 447 1673 505 iaciat·
1694 446 1793 516 l'eaite,

156 570 274 633 ebriati,
298 567 415 635 udaque
432 561 572 619 eatlroltce
595 557 721 613 doctores
744 550 947 614 intellexissent,
998 546 1290 611 bmedictiPntriatrrei,
1301 544 1425 618 percipite
1438 558 1545 614 repuens
1556 541 1625 614 pund
1635 541 1703 597 uobis
1716 557 1796 612 pars-

157 678 211 718 non
223 676 292 731 opus
303 667 346 714 est
361 656 427 712 mibi
444 655 471 709 in
484 654 537 707 bae
556 663 618 706 meu
639 648 738 702 iterare
749 641 872 714 epistola,
885 639 951 695 dum
998 647 1099 694 tested
1112 636 1250 708 nioripine
1257 633 1348 690 nandi
1361 633 1469 706 (lintri.
1481 647 1536 687 uxr
1550 670 1559 685 .
1575 631 1700 687 Paratum
1715 632 1798 703 igitur

157 755 266 810 illorum
286 748 392 806 libellus
411 746 536 818 proprius
556 744 607 798 boe
619 739 698 797 robis
709 737 848 794 euidenter
861 742 953 790 osten-
1000 732 1079 788 robis
1093 745 1206 803 regnum
1220 731 1256 788 ab
1267 727 1372 799 origine
1389 725 1482 782 mundi
1500 724 1652 780 indubitata
1675 723 1799 779 ueritatis

158 847 208 902 dp,
1000 822 1181 893 promissione
1201 815 1517 890 speratle,sicatboliee
1539 814 1602 870 lldci
1627 813 1799 869 unanimitati

194 933 331 1003 Scriptura
350 932 441 999 itaque
455 926 484 983 in
504 923 618 995 epistola
631 929 722 978 restra
740 915 893 989 huiusmodi
905 912 954 970 ob-
1001 911 1182 981 uosmetipsos
1200 908 1347 980 arlinugere
1361 906 1472 963 curetis.
1491 904 1649 961 Exteriores
1660 905 1801 962 servitoris

159 1025 338 1082 sacrationem
363 1018 537 1075 invenimus:
560 1013 708 1068 Pascentes
732 1024 781 1064 uos
806 1021 855 1076 per
878 1018 952 1066 euru.
1003 1003 1143 1060 molestias
1156 1002 1261 1058 intorno
1275 998 1412 1056 ildelitatis
1425 1013 1475 1068 spe
1488 995 1676 1053 consolamini.
1702 994 1802 1053 Quies

159 1114 206 1184 qui
223 1126 274 1184 prn
286 1120 314 1166 te
330 1111 358 1165 in
375 1122 459 1164 emec
472 1119 569 1160 manus
582 1103 708 1158 innoxias
720 1097 852 1160 extendit,
864 1101 893 1149 et
904 1105 955 1161 pro
1004 1093 1104 1149 mentis
1116 1099 1213 1149 nestun
1224 1091 1258 1147 sd
1268 1105 1330 1147 enm
1338 1088 1440 1161 'erigite
1449 1087 1496 1159 qui
1507 1104 1557 1145 uos
1567 1087 1667 1158 eripuit
1679 1086 1713 1143 de
1724 1094 1803 1156 pote·

160 1213 187 1260 te
207 1202 365 1273 sartguinern
387 1199 537 1269 pretiosum
560 1192 663 1259 ciludit,
683 1199 712 1247 et
729 1204 780 1260 pro
800 1192 955 1242 nmortcru
1005 1194 1076 1241 state
1090 1186 1274 1250 tenebrarum,
1293 1197 1321 1241 et
1334 1181 1471 1238 transtulit
1489 1182 1516 1237 in
1530 1196 1644 1253 reguum
1657 1178 1719 1235 Filii
1735 1179 1803 1237 diie-

159 1293 271 1365 pertullt
291 1302 318 1349 et
330 1291 508 1361 sepulturam,
523 1286 558 1341 ad
579 1284 734 1340 liberandos
746 1281 849 1336 electos
869 1277 904 1331 ad
916 1275 958 1329 in·
1006 1275 1106 1333 ctiouis
1120 1287 1187 1330 suae.

161 1389 267 1445 unum
285 1384 435 1446 descernit,
449 1390 477 1437 et
489 1395 539 1449 pro
556 1386 583 1433 te
599 1388 754 1445 resurgem,
768 1370 817 1426 tibi
835 1369 907 1424 riam
923 1366 959 1422 ad
1044 1365 1194 1430 imotenus,
1213 1373 1359 1436 antequam
1376 1362 1457 1433 buius
1479 1360 1632 1432 adoptionis
1652 1361 1680 1416 ln
1696 1359 1805 1418 Christo

160 1477 246 1533 erulos
266 1473 431 1536 revertendi,
445 1470 550 1525 scilicet
569 1466 604 1521 ad
616 1464 758 1521 coeimtuu
771 1459 897 1531 patriam,
912 1457 960 1512 de·
1007 1471 1108 1512 nomen
1126 1471 1143 1510 a
1160 1456 1237 1512 uobis
1253 1464 1378 1510 exortum
1397 1462 1506 1510 nostros
1521 1452 1670 1509 nil'enderet
1688 1453 1805 1521 animus,

161 1564 334 1629 monstravit,
348 1570 379 1617 ιιι
390 1577 439 1629 per
452 1560 569 1628 teipsum
581 1554 685 1612 arbiter
701 1553 807 1609 sedeas.
825 1548 896 1604 Ecce
907 1560 959 1617 epo
1009 1564 1060 1606 uos
1072 1547 1259 1620 gentunitatis
1275 1562 1368 1603 amore
1377 1547 1532 1604 dileximus.
1545 1545 1603 1602 Etsi
1616 1561 1667 1602 nos
1682 1555 1805 1604 restrum

162 1654 262 1712 uestris
284 1652 462 1724 petitionibus
478 1646 659 1710 satisfaciens,
684 1637 887 1713 congregationi
915 1650 960 1692 sa-
1009 1639 1151 1711 enrperalc
1173 1638 1314 1695 seruitium
1340 1637 1533 1702 eorrtristaret,
1561 1635 1696 1693 rectitudo
1713 1647 1806 1693 unam

162 1749 303 1806 eenlotutn
320 1746 429 1800 auditor
444 1751 472 1798 et
489 1740 592 1795 arbiter
606 1737 705 1793 assedi.
725 1733 918 1796 biscreuimus,
931 1738 960 1787 ct
975 1707 999 1768 Β
1011 1729 1074 1786 litlei
1086 1728 1226 1786 catholiea
1237 1727 1383 1784 iatiiieatit
1395 1727 1423 1782 in
1436 1726 1524 1783 uobis.
1536 1725 1615 1783 Nunc
1626 1742 1691 1783 sero
1704 1724 1808 1798 duplici

163 1841 220 1897 boo
232 1840 350 1895 donante
362 1834 542 1897 decrevimus,
561 1830 627 1901 quiid
645 1835 718 1884 esset
730 1826 764 1882 tle
779 1825 831 1881 bac
847 1821 961 1893 inquisi·
1011 1835 1062 1891 pro
1070 1821 1146 1877 uobis
1157 1818 1299 1892 alliipirnnr
1309 1833 1436 1886 merore,
1443 1817 1574 1876 diabolica
1585 1818 1680 1876 lrande
1687 1819 1808 1891 deceptis

163 1933 239 1987 tione
250 1929 366 1985 tirmiter
383 1925 537 1981 terrendum
557 1921 612 1977 Sed
624 1920 704 1976 modo
717 1916 901 1989 pereamdern
913 1914 962 1970 ob-
1012 1909 1040 1964 in
1057 1910 1149 1973 corde,
1166 1917 1193 1965 ct
1209 1908 1319 1964 inimica
1337 1907 1469 1964 seruitute
1482 1908 1620 1979 oppressis
1639 1908 1665 1963 in
1681 1923 1806 1979 corpore.

163 2021 344 2080 secretionem
365 2033 413 2074 ros
434 2019 531 2073 iterum
552 2014 706 2083 iterumque
725 2011 858 2074 obtestor,
879 2014 909 2062 ut
933 2006 961 2061 in
1012 1997 1067 2056 Sed
1083 1999 1177 2065 redite,
1197 1998 1321 2064 obsecro,
1338 1997 1373 2052 ad
1388 1996 1520 2052 unitatem
1534 2006 1634 2053 sanetae
1647 1998 1744 2054 matris
1756 1997 1809 2055 lic·

164 2113 278 2186 parides
299 2110 481 2167 unanimitate
504 2115 533 2162 et
549 2103 691 2161 catholice
710 2101 774 2157 briei
794 2097 963 2170 prolcssione
1012 2089 1112 2156 clusin.
1128 2097 1226 2144 ut'ms
1241 2097 1319 2145 emi
1338 2087 1510 2159 &iniustis
1524 2087 1666 2144 sembutis
1684 2095 1810 2154 terrum,

164 2204 307 2261 murgum
320 2201 435 2257 umisa
448 2196 582 2254 minatis
596 2213 602 2250 :
618 2211 669 2251 „00
681 2208 730 2250 ms
742 2192 878 2248 doctiores
889 2186 964 2244 nsti-
1012 2180 1060 2252 qni
1073 2196 1121 2237 sos
1131 2193 1181 2251 pcr
1192 2178 1319 2249 baptismi
1333 2177 1448 2250 gratiam
1467 2193 1482 2232 a
1496 2176 1604 2233 rincnio
1616 2175 1742 2234 liberauit
1752 2177 1811 2234 ori-

165 2293 248 2350 suetis
267 2289 413 2348 mimsali
428 2295 522 2345 sancta
535 2286 583 2342 bei
597 2284 728 2341 macen.
748 2282 813 2337 fana
827 2279 906 2335 tillem
923 2286 965 2333 te·
1014 2271 1111 2342 pietalis
1127 2269 1241 2341 pcccati.
1255 2268 1434 2340 despoliastis
1444 2277 1563 2325 retorem
1579 2269 1727 2337 bominem,
1744 2283 1812 2341 qua-

167 2391 226 2449 net,
247 2397 330 2454 quam
351 2378 495 2436 orthodoxi
516 2378 611 2433 Patres
624 2377 651 2432 in
664 2375 721 2432 suis
744 2372 823 2429 nobis
834 2368 965 2443 symbolis
1015 2361 1214 2426 modoitcmm,
1225 2359 1319 2417 iraude
1329 2360 1434 2430 deeupui
1446 2360 1574 2433 maligna,
1586 2362 1734 2417 induamini
1750 2361 1813 2419 illei

166 2473 297 2543 seriptarn
320 2471 497 2541 rebquerunt.
524 2468 558 2523 Et
582 2467 667 2523 nolite
683 2467 744 2537 pius
767 2477 863 2534 sapcre
882 2474 964 2531 qnam
1015 2451 1175 2523 ddoptionis
1187 2450 1235 2505 liiii
1249 2448 1385 2507 meatri
1403 2449 1467 2506 iacti
1479 2449 1547 2507 estis
1559 2465 1608 2521 per
1620 2465 1683 2506 cum
1698 2451 1746 2521 nui
1759 2465 1815 2507 raon

166 2570 274 2633 eportet
292 2576 399 2631 sapere,
420 2561 468 2616 sed
487 2573 584 2630 sapere
603 2559 637 2613 ad
649 2557 834 2614 sobrietatem.
853 2551 909 2607 Nee
921 2565 965 2605 ra·
1016 2551 1060 2601 est
1077 2543 1237 2614 adoptims,
1255 2543 1303 2600 sed
1316 2543 1463 2613 proprius:
1480 2550 1612 2613 stateper
1627 2543 1689 2600 lldci
1702 2543 1816 2600 inuiola-

168 2652 323 2711 tiociuanda
341 2652 460 2708 iurnano
481 2651 589 2723 ingenio
608 2650 697 2706 divina
710 2664 759 2704 tos
775 2643 904 2718 mysteria
925 2642 967 2698 in·
1017 2635 1098 2692 biietn
1109 2635 1308 2692 confessionem
1321 2635 1350 2690 in
1360 2634 1485 2691 libertate
1496 2634 1612 2690 liliorum
1619 2635 1679 2702 Dei,
1691 2644 1719 2692 el
1731 2635 1817 2694 nolite

168 2746 303 2817 uestigare
320 2744 492 2800 arbitremini
506 2761 513 2798 :
528 2744 577 2800 sed
588 2742 676 2814 magis
687 2740 823 2799 credendo
834 2738 967 2793 bortorate
1017 2726 1184 2785 iuddciitatis
1192 2723 1285 2797 jugum
1297 2725 1399 2783 subire.
1413 2724 1546 2796 Espeliite
1555 2725 1662 2782 uincula
1674 2725 1815 2782 diabolicas

168 2852 230 2907 qua:
240 2836 359 2892 buruana
371 2833 504 2907 irapilitas
518 2842 620 2890 temere
632 2832 826 2905 perscrutando
844 2825 968 2884 inuenire
1017 2818 1183 2889 deceptionis
1196 2819 1230 2874 de
1240 2817 1377 2884 mrdibus,
1393 2816 1747 2888 qnatenusbeuscbristus,
1766 2818 1816 2888 qui

169 2942 224 2983 non
235 2927 318 2983 rsiet.
1018 2909 1100 2970 toltit
1119 2910 1296 2982 compeditos,
1315 2909 1435 2965 excutiat
1453 2916 1576 2966 catenam
1592 2910 1680 2981 peritis
1700 2909 1817 2967 irrtnicrr

205 3016 366 3086 Exemplum
391 3016 458 3072 mibi
483 3015 654 3073 fflictentur
678 3016 850 3087 {inperatoris
869 3029 1005 3095 propo-c
1020 3005 1055 3062 de
1070 3005 1195 3061 manibus
1213 3003 1322 3062 uestris.
1341 3003 1452 3060 liabetis
1471 3019 1537 3072 uos,
1560 3004 1651 3061 diuina
1670 3005 1819 3062 ausiliante

171 3107 276 3170 satan,
294 3106 374 3177 anns
396 3107 504 3163 tatinum
525 3108 556 3164 n.
572 3108 704 3164 isidorum
722 3107 847 3165 tenuasse
868 3110 968 3176 urrann,
1019 3097 1328 3170 eudaemonem
1346 3094 1436 3166 puta
1454 3094 1549 3162 vern,
1563 3093 1586 3150 si
1606 3108 1655 3150 ms
1676 3093 1819 3150 innisum

170 3206 199 3254 α
211 3198 293 3254 finem
306 3196 425 3255 doluisse
438 3217 445 3254 ς
465 3200 536 3270 quor]
558 3214 593 3254 ne
609 3200 675 3255 milri
693 3200 799 3256 accidat
814 3216 864 3271 pep-
876 3216 972 3272 quem.
1020 3186 1160 3244 adtulisse
1173 3185 1235 3241 iiiiii
1249 3184 1330 3241 unitis
1343 3200 1402 3241 ΜΘ
1413 3183 1615 3256 pmiiit'dwioe·
1629 3184 1819 3242 certissimum

172 3287 235 3342 riam
256 3288 385 3354 beatum,
409 3302 491 3358 quem
510 3286 715 3358 Antiphmium
740 3289 969 3361 cognominastis,
1021 3276 1113 3348 ihqiie
1134 3276 1172 3333 ibi
1198 3276 1251 3332 eiii
1273 3274 1371 3332 divitie
1395 3274 1579 3331 miserationis
1602 3275 1744 3337 auxilium,
1769 3276 1819 3333 ubi

171 3377 288 3449 betripne
300 3379 430 3434 madens.
451 3378 509 3435 lloe
528 3379 622 3446 ctiam,
636 3379 727 3435 diuina
745 3380 892 3436 ntiserante
910 3396 972 3453 gra-
1021 3384 1076 3423 Νη
1094 3377 1136 3424 0⁸²
1153 3368 1236 3425 ¹⁰¹i¹¹⁸
1252 3368 1381 3425 50⁰¹&ae
1399 3368 1529 3435 chilim,
1548 3375 1576 3424 θῑ
1596 3384 1649 3424 ⁰¹¹²
1668 3385 1741 3427 iem
1756 3369 1819 3428 Md

172 3470 221 3534 ab,
234 3482 388 3540 prmum
404 3479 499 3541 nugo
512 3487 520 3524 :
534 3486 588 3526 no„
600 3472 635 3527 ,ιι
654 3472 701 3527 plo
714 3473 911 3539 marmorio,
924 3473 972 3529 ,ep
1022 3459 1167 3516 eorticssio.
1191 3457 1233 3515 ad
1251 3458 1450 3516 multitudinem
1469 3459 1560 3530 popuii
1574 3457 1731 3527 Christiani,
1745 3463 1819 3519 etad

173 3558 257 3613 etiam
270 3559 305 3614 ab
316 3559 504 3628 omnibusqui
521 3560 623 3630 aliquid
636 3569 717 3616 roetae
730 3560 791 3617 ndei
804 3564 972 3619 contrarium
1023 3550 1201 3607 indetribiaiis
1223 3549 1330 3606 coliciiii
1350 3550 1555 3608 tlllanilltiitlielii
1583 3551 1760 3608 revertimini.
1787 3550 1820 3608 Si

174 3646 273 3713 docere
296 3645 425 3702 uidentur
446 3648 639 3719 :assiduaque
662 3649 806 3707 mundone
829 3651 973 3708 bominum
1023 3642 1095 3699 ellim
1114 3642 1228 3698 tiliolum
1250 3640 1292 3697 5⁰¹
1314 3642 1397 3697 ilium
1419 3649 1515 3698 sanciti
1538 3643 1639 3714 idoque
1664 3642 1818 3707 consensui·

174 3736 301 3805 deposce
321 3743 350 3791 et
361 3751 539 3808 musculique
558 3753 593 3794 ιι
611 3738 675 3794 ultis
693 3748 796 3796 sanem
815 3741 911 3796 marsis
923 3741 973 3797 ἢ.
1024 3733 1173 3790 secondutn
1188 3747 1266 3789 suam
1282 3732 1502 3803 promissionem,
1515 3734 1660 3789 bantinum
1675 3748 1737 3789 csse
1753 3747 1823 3804 prte-

175 3826 268 3882 clesin
290 3826 376 3895 raleo,
397 3828 464 3884 mibi
486 3828 513 3883 in
531 3828 583 3884 bac
598 3829 730 3899 petitionis
749 3830 888 3901 adutmes
909 3846 974 3887 con-
1024 3833 1130 3882 sentem
1145 3838 1198 3879 non
1216 3823 1387 3890 dubitamus3
1405 3832 1508 3893 quanto
1526 3825 1614 3895 magis
1636 3823 1681 3879 ubi
1701 3832 1742 3879 tot
1759 3837 1823 3878 san·

176 3931 254 3982 roeo,
277 3931 313 3972 ne
331 3932 376 3973 rue
392 3913 507 3987 alictrius
519 3918 632 3974 resima
653 3919 783 3987 adulatio,
805 3920 848 3977 rel
865 3919 975 3976 iraudu-
1025 3917 1140 3975 ctisslnri
1158 3914 1263 3981 Patres,
1283 3923 1324 3971 tol
1340 3916 1510 3972 uenerabiles
1526 3914 1635 3981 iratres,
1650 3924 1690 3973 tot
1708 3915 1755 3971 libi
1770 3916 1823 3986 pie

174 4005 248 4062 lerna
261 4007 380 4063 lauthtio
393 4008 539 4079 decipieris
554 4024 570 4064 a
582 4011 627 4065 ria
639 4011 763 4068 ueritatis
786 4021 903 4079 accunt,
924 4029 975 4069 m·
1025 4006 1121 4062 matris
1134 4006 1272 4070 Ecclesiae,
1285 4006 1312 4059 in
1325 4005 1435 4062 tremine
1450 4005 1523 4062 illius
1534 4005 1647 4075 paelllea
1658 4005 1823 4062 conueniunt

174 4100 237 4172 pius
249 4116 313 4157 cunr
324 4103 457 4173 propbeta
469 4105 627 4170 decantans,
641 4104 770 4178 Corripiet
782 4123 823 4162 sne
837 4107 928 4178 instar
947 4108 975 4162 in
1025 4098 1218 4160 unanimitate,
1238 4112 1299 4153 cunr
1319 4097 1415 4153 adesse
1433 4097 1551 4153 medium
1570 4112 1624 4152 non
1642 4105 1684 4153 est
1699 4095 1825 4153 dubitata-

175 4189 367 4257 miuncordin,
381 4202 406 4245 et
418 4191 565 4263 increpabit
582 4209 644 4248 nte:
657 4192 743 4249 oleant
756 4205 843 4250 nutent
856 4205 976 4267 peccato·
1027 4189 1101 4255 dum,
1114 4196 1142 4244 ei
1155 4188 1264 4244 iliorum
1276 4203 1371 4260 repere
1387 4187 1510 4257 consilia,
1523 4189 1569 4259 qui
1581 4190 1623 4246 sui
1636 4187 1753 4245 nombtis
1764 4186 1830 4244 lati·

176 4276 215 4331 ris
236 4293 289 4333 aea
313 4277 459 4350 inpinpset
484 4290 563 4352 ceput
587 4297 672 4336 nessa
690 4281 777 4355 (Psel.
791 4285 897 4356 exerti).
921 4285 977 4341 Vos
1028 4282 1223 4352 demquarere
1236 4278 1449 4352 dignoscuntur?

177 4381 244 4423 reru
256 4368 459 4440 uobismetipsis
476 4379 581 4436 cauete,
598 4373 669 4443 qued
686 4388 736 4430 nos
750 4372 870 4432 trannin
883 4375 1018 4445 admnp
1064 4369 1299 4428 adcondmranda
1313 4369 1396 4442 igitur
1407 4370 1489 4426 contla
1501 4377 1591 4426 uestra
1607 4368 1634 4424 in
1648 4369 1701 4425 lide
1714 4375 1742 4425 ct
1753 4366 1826 4425 reri·

178 4456 277 4513 ruistis
296 4471 391 4514 amore
410 4468 590 4529 procurantes
606 4462 833 4536 diligentissime.
853 4466 978 4538 omnipo-
1026 4468 1092 4528 talc,
1105 4460 1175 4517 banc
1190 4460 1276 4517 nostri
1289 4458 1417 4528 nominis,
1431 4459 1551 4517 iraterna
1568 4460 1715 4533 instigante
1730 4459 1821 4517 cbari-

178 4547 375 4618 tentisqueliei
387 4549 464 4606 robis
473 4550 592 4608 assiduis
601 4555 727 4624 precibus
738 4556 977 4614 clementissimam
1026 4560 1093 4619 tate,
1107 4550 1250 4622 epistularu
1269 4550 1391 4608 seribere
1407 4551 1573 4616 curarimus,
1587 4559 1713 4622 optantes
1730 4558 1760 4606 ut
1775 4563 1826 4606 no-

178 4645 328 4694 eourocate
348 4639 473 4711 gratiam,
487 4655 523 4697 ne
545 4642 641 4700 eallitia
665 4645 770 4716 antiqui
786 4645 873 4703 bostis
884 4661 979 4703 versu-
1027 4651 1094 4711 stra,
1112 4658 1193 4714 quatu
1206 4643 1337 4700 babentm
1351 4657 1401 4713 pro
1418 4642 1471 4698 lide
1485 4643 1628 4708 catholiea,
1640 4642 1765 4713 pmllciat
1778 4642 1826 4699 de-

179 4726 218 4781 tia
230 4742 328 4784 serrem
339 4738 445 4786 uestros
465 4731 493 4786 in
506 4731 596 4803 aliqua
609 4742 686 4805 parte
705 4743 872 4807 corrumpat,
886 4744 915 4792 ot
931 4750 979 4806 pe-
1027 4737 1111 4801 sotiu,
1132 4743 1160 4791 et
1175 4748 1225 4791 ros
1240 4734 1332 4792 dicitu
1344 4733 1488 4790 clementia
1501 4734 1536 4790 ad
1549 4733 1630 4791 iidem
1646 4737 1759 4792 reducat
1778 4749 1826 4791 ea-

178 4816 223 4893 ius
243 4820 291 4874 ilat
311 4820 425 4877 interius
445 4823 546 4879 diaboli
566 4825 724 4891 seruitium,
753 4840 835 4895 quarn
857 4826 979 4883 exterim
1028 4827 1168 4885 tbolicam.
1180 4824 1251 4881 ante
1263 4825 1440 4897 igiturquanr
1456 4823 1538 4894 buius
1554 4826 1691 4896 sepedicti
1705 4825 1826 4883 scandali

179 4909 270 4980 centn
290 4910 418 4969 inimice.
442 4913 564 4984 Emnque
583 4926 739 4986 exspectate
758 4917 977 4988 liedeurplorem,
1028 4936 1045 4976 a
1069 4919 1148 4978 robis
1169 4918 1289 4975 oriretur
1316 4914 1446 4980 cilensio,
1465 4916 1566 4987 duplici
1591 4916 1734 4984 charitate,
1756 4916 1828 4973 siutt

179 5016 260 5071 quern
273 5001 368 5060 atatis
381 5012 479 5061 uestrae
492 5005 625 5064 habuistis
636 5017 788 5065 auctorem.
806 5009 884 5065 illum
896 5008 980 5081 plori-
1029 5012 1215 5085 prediximus,
1237 5009 1382 5068 dileximus
1396 5024 1456 5076 res,
1477 5010 1505 5067 id
1525 5016 1578 5076 est,
1605 5010 1632 5065 in
1657 5010 1828 5066 orationibus

180 5091 261 5148 beate
279 5091 308 5147 in
321 5095 413 5162 eorde,
426 5106 454 5152 et
465 5105 573 5167 portate
592 5098 619 5155 in
634 5115 765 5170 eorpore;
786 5110 814 5157 et
825 5102 933 5173 digium
951 5102 979 5157 ln
1029 5104 1132 5162 nostris
1150 5118 1200 5175 per
1217 5116 1312 5158 omnes
1329 5101 1407 5172 repul
1423 5101 1508 5158 nestri
1526 5101 1662 5158 Ecclesias
1682 5101 1829 5158 babuimus

65 5220 69 5226 .
181 5181 258 5238 uobis
277 5182 317 5238 iili
338 5195 489 5254 preparate
508 5187 703 5247 habitationem
725 5191 753 5245 iu
773 5191 835 5259 bele,
854 5209 915 5264 quur
930 5208 980 5264 per
1030 5197 1131 5261 socios,
1148 5203 1176 5250 ct
1192 5192 1276 5249 reem
1295 5192 1454 5248 memoriam
1472 5191 1594 5262 qtrotidic
1612 5190 1764 5248 iacientes:
1782 5191 1830 5247 lti-

181 5278 356 5335 ddmdouena
375 5289 520 5352 operatur,
543 5292 678 5355 quatenus
698 5299 747 5341 ros
766 5285 840 5342 illius
860 5286 979 5359 gloriosa
1031 5287 1093 5345 dem
1105 5292 1253 5356 nuoqrreet
1266 5283 1489 5351 beoauxiliante,
1506 5283 1830 5340 uoluntatcmbabuimus

182 5369 317 5437 puteana,
329 5379 365 5437 ¹et
389 5373 533 5431 insilalrilis
555 5376 751 5440 misericordia,
776 5378 811 5433 sb
838 5379 981 5448 utriusque
1030 5396 1080 5437 ros
1097 5381 1214 5437 liberare
1228 5378 1368 5435 aserrltio
1380 5379 1520 5436 secularis
1537 5381 1718 5449 necessitatis,
1732 5395 1830 5437 secuu-

183 5462 323 5520 serritatis
336 5463 471 5534 nrolmtia,
484 5469 621 5525 catenare
636 5469 740 5526 scilieet
753 5478 781 5526 et
795 5461 934 5536 interiore,
949 5469 982 5525 ii-
1032 5473 1097 5531 dum
1115 5471 1246 5544 temporis
1259 5471 1502 5543 opportunitatem,
1516 5482 1543 5530 ct
1558 5475 1641 5530 uestri
1656 5475 1761 5532 consilii
1779 5474 1829 5532 ad-

185 5552 262 5607 berct
275 5561 303 5609 et
316 5557 461 5624 cusurlut,
474 5566 503 5615 et
515 5560 543 5615 in
556 5575 656 5633 maprro
669 5561 713 5619 die
726 5569 790 5619 ante
802 5569 979 5633 conspectura
1032 5563 1224 5620 hortationem.
1242 5559 1319 5619 ilune
1332 5575 1398 5618 nero
1416 5561 1467 5618 bae
1481 5563 1580 5634 duplici
1597 5564 1731 5621 ebaritate
1744 5564 1829 5638 (quoti

185 5645 278 5720 morie
294 5662 351 5706 suc
366 5663 429 5706 eunt
446 5649 641 5723 multiplicibus
659 5652 761 5713 laboris
776 5653 860 5714 vestu
880 5651 982 5713 diuitiis
1033 5655 1093 5713 sine
1104 5652 1198 5714 dolore
1209 5667 1264 5712 uon
1277 5650 1403 5727 dumus)
1414 5650 1560 5713 fraudastis
1570 5656 1760 5730 roennipsos,
1772 5669 1827 5713 nau
