4050 6192
245 391 308 447 1531
692 389 722 443 Β.
739 388 864 446 cinola
881 388 987 445 Cadit
1004 386 1080 444 oie.
1100 388 1190 444 PARS
1204 389 1236 444 ll.
1258 387 1377 445 SECTIO
1395 388 1425 444 ll.
1781 387 1839 446 lats

243 505 387 574 imaginem
401 502 544 573 Augustini
567 511 614 558 aut
635 501 816 574 simpliciani,
844 503 890 558 sed
904 504 957 558 vili
970 507 1027 558 ltn-
1042 506 1066 565 A
1079 504 1152 558 enim
1173 504 1219 574 qni
1243 502 1352 573 iniuriat
1375 503 1518 574 imaginem
1546 500 1730 580 imperatoris,
1748 517 1839 572 poenan

242 576 379 645 gustinnm
397 582 444 628 aut
469 571 681 643 simplicianum,
702 588 763 628 cum
788 579 954 641 eotempore
975 588 1029 642 quo
1075 571 1177 641 justam
1198 573 1353 637 sustinebit,
1376 572 1454 627 sicuti
1474 586 1536 627 eum
1561 582 1568 622 ι
1605 586 1648 624 nni
1672 571 1839 641 imperatorem

242 645 297 698 tale
313 642 414 713 aliquid
425 641 501 707 vidit,
514 642 585 698 ιιοιί
604 656 771 697 notaremus.
790 641 881 711 Usque
894 643 1030 698 adeonm-
1079 642 1254 697 inhonorans.
1276 642 1382 697 Ειιιιίιιι
1396 641 1514 708 imagine
1536 644 1564 693 ni
1585 639 1605 693 il
1628 640 1699 695 aliud
1725 642 1841 699 existente

242 712 372 768 nifestnm
385 719 503 777 estnon
517 711 589 781 ipsos
615 712 726 774 omines,
740 710 786 767 sed
800 712 1029 782 imagineseornm
1078 712 1130 767 nisi
1153 711 1253 783 lignum
1282 727 1343 767 cum
1373 711 1508 766 coloribus
1536 724 1606 765 cera
1632 710 1722 765 mixtis
1746 720 1772 766 et
1788 728 1842 768 eon-

243 781 339 847 videri,
351 791 378 838 et
390 780 494 836 Pharao
503 782 592 850 spicas
605 796 635 836 se
648 780 746 836 vidisse
760 780 827 835 dixit
838 781 864 836 in
877 781 987 846 somnis,
1002 791 1031 836 et
1079 781 1244 849 temperatis,
1259 781 1341 836 simili
1354 780 1447 847 modo,
1467 779 1514 861 qui
1535 779 1642 849 signum
1664 778 1796 847 cuiuslibet
1807 784 1841 837 ln·

242 851 337 916 boves,
348 867 401 907 non
419 852 552 919 spicamm
564 859 592 905 et
609 850 691 905 houm
701 850 841 918 imagines·
861 848 890 905 Si
903 851 1028 921 igitnrli-
1078 850 1202 916 honorat,
1216 851 1244 905 in
1255 866 1317 906 eum
1330 850 1427 920 ipsum,
1438 865 1514 920 copus
1526 849 1632 919 signum
1643 857 1684 904 est
1695 848 1771 905 refert
1785 851 1842 921 inju-

244 921 326 991 qrrido
339 919 608 977 constatnominibns
620 934 820 983 eammrnrum,
838 934 952 989 quarum
963 920 1030 975 ima·
1080 920 1166 984 riam,
1180 928 1233 976 etc.
1248 940 1258 974 ι

244 990 321 1061 gines
334 999 405 1053 ιιιιιι,
425 989 534 1044 easdem
555 988 686 1058 imagines
702 987 843 1057 appellari,
860 1003 914 1043 non
930 989 1030 1045 mirum
1112 988 1142 1044 ln
1161 989 1278 1046 Historia
1294 987 1442 1059 Tripartita
1464 989 1526 1045 libri
1545 988 1632 1050 sexti,
1658 1003 1688 1044 ca
1709 987 1755 1054 .l‚
1773 987 1843 1046 Soza

244 1068 286 1115 est
309 1060 381 1130 qnod
403 1058 535 1129 scriptura
553 1058 629 1123 dicit,
652 1058 799 1114 Samuelem
819 1059 901 1113 οῐιιιιιι
922 1056 949 1130 (l
963 1058 1028 1129 lfeg.
1079 1072 1173 1115 menus
1182 1058 1303 1130 inquitas
1325 1057 1439 1129 lllndqn
1477 1073 1510 1114 ne
1531 1058 1602 1129 quod
1615 1058 1666 1114 surb
1692 1057 1777 1114 uliano
1792 1075 1843 1129 pro

245 1128 353 1198 ιιιιιι),
365 1138 419 1184 etc.
440 1149 449 1182 ι
1079 1128 1152 1183 ιιιιίι
1171 1143 1283 1185 narrare
1306 1143 1359 1184 non
1374 1129 1449 1185 sileo.
1487 1129 1525 1184 uit
1539 1128 1611 1183 enim
1630 1127 1734 1198 signum
1751 1128 1844 1198 quidem

278 1198 345 1253 item
360 1197 400 1252 hu
438 1198 502 1253 slini
517 1197 544 1253 in
552 1197 622 1253 libro
635 1195 670 1252 de
682 1196 808 1253 Doctrina
822 1195 974 1253 Christiana
988 1213 1030 1253 se-
1078 1198 1186 1254 rirtutis
1207 1197 1317 1264 Christi,
1330 1207 1358 1254 et
1380 1198 1508 1253 indicium
1530 1204 1624 1253 contra
1638 1197 1784 1267 principem,
1800 1199 1845 1253 ira·

244 1268 376 1323 eunden
416 1269 505 1322 inum
524 1267 648 1323 estenim
660 1266 1030 1337 respraeterspeciemquarn
1079 1267 1183 1323 cundia
1193 1267 1251 1324 liei.
1266 1266 1334 1325 Cum
1352 1268 1425 1323 eninr
1442 1266 1775 1340 agnodssetinCaesarea.
1792 1266 1844 1322 Phi-

243 1335 343 1408 ingerit
357 1282 479 1393 sennhns
490 1335 563 1392 alind
580 1335 681 1407 aliquid
691 1351 766 1390 erse
784 1333 886 1392 faciens
906 1337 934 1390 in
953 1337 1029 1406 cogi·
1079 1335 1117 1407 lip
1135 1337 1144 1391 i
1164 1337 1274 1393 civitate
1294 1335 1458 1403 Phoenieiae,
1498 1352 1559 1392 uam
1579 1333 1699 1391 Pansam
1719 1338 1843 1402 tondant,

244 1407 373 1462 tationem
392 1406 493 1471 uenire,
518 1405 590 1462 sicut
607 1405 720 1477 vestigio
734 1405 801 1470 viso,
825 1404 955 1461 transisse
972 1407 1030 1461 ani·
1080 1351 1185 1478 inshgne
1209 1406 1311 1465 Christi
1337 1420 1398 1462 esse
1421 1352 1609 1470 simtffiacrnm,
1627 1405 1705 1529 quod
1727 1407 1846 1478 sanguinis

245 1475 381 1544 maturius
389 1474 742 1545 vestiginmestcogitomus,
750 1482 777 1530 et
786 1473 1030 1545 sisoiumo,ignem
1079 1474 1194 1531 liberata
1217 1474 1348 1546 prodnrio
1372 1477 1559 1542 constituerat,
1581 1489 1614 1531 ιο
1645 1474 1760 1544 eposito,
1783 1491 1846 1531 suan

244 1545 356 1603 subesse
369 1546 565 1614 cognoscimus.
577 1544 720 1615 Signnmrn
736 1543 818 1615 igitur
842 1544 894 1598 alia
911 1552 974 1600 sunt
983 1560 1031 1599 na·
1079 1543 1117 1599 ibi
1133 1552 1251 1600 statrmm
1274 1544 1426 1611 collocarit,
1441 1560 1501 1614 qnae
1522 1544 1641 1600 nolente
1666 1545 1727 1615 igne
1746 1546 1777 1599 de
1790 1547 1846 1602 aulo

245 1615 351 1677 toralia,
365 1613 416 1668 alia
430 1613 502 1669 data.
531 1612 614 1683 Signa
626 1612 689 1669 data
701 1621 774 1678 sunt,
787 1628 846 1682 quae
859 1614 989 1668 divinitus
1002 1615 1030 1670 iu
1079 1616 1203 1680 cadente,
1215 1615 1288 1671 eirca
1310 1613 1368 1683 eins
1382 1622 1477 1683 peetus
1492 1614 1579 1670 divisa
1599 1620 1649 1677 est,
1666 1622 1694 1669 et
1708 1623 1783 1685 caput
1796 1630 1847 1670 cum

244 1683 502 1754 Scriptnrissanctis
514 1683 695 1749 continentur,
710 1698 760 1753 per
767 1683 889 1738 homines
902 1683 979 1738 nobis
989 1683 1031 1738 in-
1079 1685 1185 1741 cervice
1194 1700 1248 1739 nna
1267 1691 1344 1753 parte
1357 1681 1490 1753 dejectum
1505 1690 1586 1753 atque
1595 1683 1623 1737 in
1634 1691 1708 1739 terra
1721 1684 1806 1749 danim,
1817 1700 1847 1737 ro

244 1753 332 1808 dicata
341 1760 412 1817 sunt,
428 1752 474 1821 qui
487 1768 519 1808 ea
536 1752 763 1822 conscripserunt,
777 1761 805 1808 et
826 1760 932 1807 catera
961 1752 1030 1807 bote
1079 1753 1152 1823 liqna
1173 1767 1238 1809 vero
1251 1768 1314 1824 pars
1329 1754 1460 1809 hactenus
1482 1753 1596 1820 restitit,
1612 1760 1640 1808 et
1667 1752 1781 1808 fulminis
1794 1754 1845 1808 indi

244 1823 333 1877 omnia
345 1823 426 1893 igitur
438 1829 553 1892 opnsest
563 1821 610 1876 liei
625 1822 749 1877 timorem
763 1821 1030 1891 conuertiadoogno-
1046 1837 1066 1898 g
1081 1823 1152 1878 cium
1166 1823 1323 1886 reservarit,
1341 1830 1459 1878 statuam
1471 1837 1535 1879 vero
1550 1822 1651 1878 Christi
1676 1831 1738 1879 tnnc
1757 1823 1849 1893 quidem

244 1892 370 1946 mendam
384 1890 616 1960 ejusnoiuntatem
649 1891 695 1947 uid
711 1892 833 1960 nobisap
854 1891 1030 1946 etendnnrin-
1079 1906 1113 1962 pa
1132 1893 1176 1948 ani
1190 1893 1326 1948 trahentes
1342 1891 1507 1964 confregere,
1520 1901 1614 1963 postea
1632 1907 1700 1948 reno
1720 1892 1849 1947 Christiani

243 1960 423 2032 giendnmque
432 1962 578 2030 praecipiat.
594 1981 604 2014 ι
630 1907 664 2014 {t
677 1960 767 2017 infra:
795 1977 804 2010 ι
822 1906 888 2016 lflud
905 1960 976 2032 quud
988 1970 1031 2017 est
1080 1908 1443 2032 eoftigentes,ineectesian1
1460 1961 1688 2026 recondiderunt,
1707 1977 1758 2032 quo
1770 1962 1848 2017 baete

243 2030 390 2085 seeundum
402 2030 585 2086 institutiones
596 2030 743 2095 bominum,
754 2031 852 2099 partim
862 2031 1031 2101 superstitio-
1080 2047 1131 2088 nus
1142 2040 1305 2088 reservatur.
1323 2051 1382 2085 n-
1394 2031 1459 2087 ltem
1477 2032 1484 2086 i
1549 2046 1580 2087 ca
1602 2072 1609 2084 .
1627 2030 1665 2085 ti
1683 2046 1691 2085 ε
1711 2050 1721 2083 ι
1739 2030 1791 2088 line
1809 2033 1849 2086 ita

243 2113 303 2154 sum
321 2108 372 2165 est,
393 2100 491 2169 partim
504 2107 619 2156 nonest.
659 2098 881 2169 superstitiosum
893 2107 935 2155 est
949 2100 1030 2170 quid·
1080 2115 1132 2172 que
1158 2100 1431 2167 simulacrumsicuti
1459 2045 1543 2157 rem
1571 2045 1722 2167 synesius,
1746 2102 1848 2156 omnium

244 2168 308 2238 quid
321 2169 474 2224 institutum
485 2177 528 2225 est
541 2170 577 2225 ab
589 2168 743 2225 horninibus
762 2169 794 2223 ad
806 2168 926 2225 facienda
943 2178 972 2225 et
987 2184 1030 2226 co
1079 2171 1235 2242 passionum
1252 2177 1280 2226 et
1305 2169 1495 2242 aegritudinum
1522 2170 1644 2227 noscitur
1671 2185 1730 2226 esse
1753 2171 1849 2226 melica

242 2238 321 2294 lenda
332 2238 403 2294 idola
414 2240 563 2309 pertinens,
589 2238 630 2293 rel
650 2238 835 2295 aduniendam
851 2239 921 2295 sicut
945 2238 1030 2295 Deum
1080 2248 1211 2306 mentum,
1226 2239 1305 2310 juxta
1342 2240 1395 2297 uod
1414 2239 1538 2310 quadarn
1557 2240 1641 2296 herba
1659 2240 1796 2312 gemninat,
1813 2256 1850 2295 cn

241 2318 403 2363 creaturam.
419 2307 1028 2431 r-Etpostpaucaineodemsequiturlibro:
1076 2308 1121 2380 jus
1147 2311 1264 2380 speciem
1297 2256 1386 2366 maltis
1415 2318 1514 2366 nostrae
1547 2319 1627 2366 terrae
1651 2311 1771 2366 medicos
1800 2310 1850 2364 ticet
1948 2335 1949 2344 ι

244 2395 254 2428 ι
272 2379 407 2448 inpetunt
423 2386 513 2435 tannen
527 2393 621 2435 omnes
630 2378 774 2449 quamdam
786 2377 846 2433 sinai
858 2378 992 2433 itudinem
1002 2379 1030 2434 io
1079 2389 1207 2449 expertus
1227 2380 1347 2463 agnovit,
1358 2380 1424 2436 mihi
1438 2393 1556 2450 namque
1577 2380 1696 2446 ridetur,
1710 2381 1770 2450 quia
1783 2380 1850 2435 adre-

242 2447 426 2516 significando,
442 2449 628 2530 utipsasigna,
641 2450 804 2518 inquantum
814 2456 928 2518 possunt
938 2448 1028 2512 rebus,
1079 2449 1171 2506 niente
1184 2451 1298 2505 ὓοιιιιιιο
1309 2450 1411 2505 nnllam
1423 2449 1593 2513 miraculum,
1607 2449 1764 2522 nudumque
1780 2451 1849 2506 iure·

242 2532 302 2598 qnae
313 2516 499 2588 significantur
513 2519 610 2575 similia
625 2517 688 2583 sint,
702 2519 750 2574 scd
759 2519 822 2588 qnia
834 2517 926 2573 multis
945 2517 1031 2574 mddis
1080 2520 1172 2576 icium
1203 2520 1275 2575 utari
1290 2518 1565 2585 debetineredulum,
1587 2528 1673 2575 etc.»
1760 2578 1762 2582 ,

242 2587 538 2657 ermilealiqnidalieni
558 2596 729 2659 potestesse,
750 2603 803 2642 non
820 2595 945 2643 constant
966 2587 1030 2642 talia
1115 2588 1144 2644 ln
1192 2590 1286 2645 istoria
1298 2588 1456 2661 hnglorum,
1470 2588 1531 2645 libri
1545 2589 1627 2672 primi
1640 2587 1765 2659 mpii,
1789 2585 1851 2658 cnjrrs
1948 2585 1949 2610 ³

242 2657 318 2726 signa
332 2657 403 2712 inter
411 2658 544 2723 homines,
569 2658 621 2713 nisi
639 2671 787 2713 consensus
807 2656 927 2722 accedat,
947 2656 974 2710 in
987 2658 1030 2727 pi·
1079 2657 1204 2713 initium:
1218 2677 1227 2711 t
1241 2659 1393 2716 lloboratus
1406 2659 1611 2715 cornfrrmahone
1620 2660 1694 2714 beati
1704 2658 1787 2714 Patris
1797 2658 1851 2713 Cre·

241 2726 328 2782 cturis
351 2742 417 2784 vero
439 2735 466 2783 et
479 2727 575 2783 statuis
597 2727 702 2783 ceteris
717 2726 871 2796 hujusmodi
896 2727 1031 2784 simulatis
1079 2728 1148 2798 gorii
1162 2729 1328 2800 Augustinus
1347 2728 1516 2786 confamulus
1528 2728 1628 2784 Christi
1641 2730 1691 2798 qni
1708 2735 1783 2784 erant
1801 2743 1850 2782 cum

240 2796 377 2864 operibns,
399 2798 516 2853 maxime
535 2797 685 2867 peritorum
699 2796 831 2852 artitlcnm
854 2810 934 2852 nemo
946 2806 1028 2861 errat,
1080 2811 1122 2862 eo,
1141 2799 1220 2853 rediit
1240 2799 1354 2870 inopus
1374 2799 1467 2862 verbi»,
1493 2800 1672 2869 pervenitque
1692 2798 1851 2854 Britanniam.

241 2882 303 2921 carn
316 2867 414 2922 similia
425 2869 531 2933 viderit,
548 2877 577 2922 nt
589 2876 717 2939 agnoscat
726 2866 825 2936 quibos
838 2868 892 2922 sint
904 2866 985 2922 rebus
996 2866 1031 2921 si·
1080 2867 1147 2923 Erat
1163 2882 1196 2924 co
1210 2876 1331 2940 tempore
1345 2883 1390 2924 rex
1410 2867 1566 2925 Edilberetb
1585 2869 1613 2924 in
1626 2869 1724 2925 Cantia
1738 2868 1851 2940 potentis

243 2935 328 3000 nrilia,
352 2947 380 2992 et
394 2938 445 2992 hoc
458 2949 514 2993 totu
527 2957 542 2991 n
560 2952 646 3009 genus
664 2937 736 2993 inter
747 2935 880 3007 superdea
890 2935 1030 2992 hominum
1080 2937 1174 2993 simus.
1193 2959 1203 2991 ι
1218 2938 1252 2992 Et
1269 2949 1428 3009 postpauca
1442 2938 1470 2993 in
1481 2938 1575 2993 eidem
1589 2939 1714 3009 sequitur
1734 2937 1851 3010 epistola:

242 3006 365 3060 instituta
385 3008 580 3064 numerandum
592 3015 644 3074 est,
669 3007 721 3063 nisi
747 3021 809 3061 cunr
831 3007 945 3061 interest
965 3005 1030 3075 quid
1083 3024 1093 3058 ι
1113 3006 1177 3063 Post
1193 3006 1252 3063 dies
1274 3023 1339 3077 ergo
1357 3008 1431 3063 venit
1444 3009 1479 3064 ad
1493 3008 1607 3063 insulam
1623 3023 1685 3075 rex,
1702 3016 1730 3063 et
1749 3008 1852 3063 residem

240 3090 346 3140 eornm,
368 3078 472 3147 quade
492 3092 583 3143 causa,
603 3084 631 3134 et
648 3077 704 3142 ubi,
722 3084 750 3132 et
767 3077 883 3147 qnando,
903 3082 932 3131 et
953 3075 1031 3144 enjus
1080 3076 1491 3150 subdivojussitriugustinum
1510 3090 1573 3134 cnm
1585 3077 1669 3134 sociis
1680 3078 1715 3134 ad
1727 3092 1799 3133 suurn
1813 3075 1851 3130 ibi

241 3146 403 3200 auctoritate
415 3145 470 3208 ilat,
484 3157 538 3202 etc.
555 3166 565 3199 ι
584 3177 619 3186 -
635 3147 701 3201 item
712 3147 853 3215 Augustini
874 3147 901 3201 in
917 3146 987 3201 libro
998 3162 1029 3202 ιιι
1082 3147 1143 3203 dem
1159 3148 1285 3203 advenire
1296 3148 1469 3219 colloquium.
1484 3147 1600 3205 Carerat
1621 3149 1698 3203 enim
1720 3163 1754 3203 ne
1769 3148 1795 3202 in
1813 3144 1857 3201 ati«

241 3212 376 3283 ejusdem:
395 3215 468 3282 «Qui
479 3231 544 3271 vero
558 3225 748 3285 autoperatnr,
760 3225 807 3272 ant
814 3225 958 3271 veneratur
966 3216 1031 3272 utile
1043 3180 1068 3247 c
1082 3232 1163 3287 quarn
1178 3217 1286 3273 domum
1301 3219 1376 3275 adse
1390 3217 1535 3273 introirent
1549 3226 1640 3272 uetere
1655 3231 1722 3272 usus
1744 3216 1850 3287 augurio,

242 3284 349 3352 signum
363 3283 669 3350 divinitnsinstitntnn,
690 3283 833 3353 cujusvim
853 3285 1030 3356 significatio-
1081 3302 1116 3341 ne
1133 3295 1297 3358 superventu
1312 3303 1371 3353 suo,
1393 3288 1415 3342 si
1439 3287 1505 3357 qnid
1528 3287 1655 3342 maleicii
1680 3288 1746 3343 artis
1762 3284 1851 3342 habuis

240 3368 357 3435 nemque
370 3354 505 3426 intelligit,
520 3372 574 3412 non
587 3357 638 3411 boe
650 3363 794 3410 veneratur
806 3356 879 3425 quod
891 3354 1031 3412 videturet
1081 3361 1152 3423 sent,
1167 3372 1229 3412 enni
1241 3359 1392 3427 superando
1404 3357 1568 3427 deciperent.
1589 3355 1623 3411 ht
1637 3356 1679 3413 illi
1698 3372 1750 3413 non
1770 3356 1853 3412 ιιιιο

241 3423 1029 3496 transit,sedilludpotinsquotaliacunetareferendasuot.
1081 3428 1140 3482 nica
1164 3427 1212 3483 sed
1226 3426 1316 3483 divina
1328 3429 1429 3484 virtute
1448 3426 1565 3497 prediti,
1588 3427 1745 3493 ueniebant,
1760 3437 1852 3482 erucem

240 3492 496 3550 Talisautemhomn
505 3496 633 3567 spiritalis
642 3493 745 3550 etliber
754 3502 806 3561 est,
821 3494 902 3549 etiam
910 3503 1031 3565 tempore
1080 3511 1131 3621 gro
1140 3496 1238 3552 uexillo
1247 3496 1364 3553 ferentes
1383 3505 1548 3579 argenteam,
1561 3504 1588 3551 et
1604 3497 1750 3569 imaginem
1763 3493 1852 3550 bomin
1948 3499 1949 3536 1

239 3564 397 3630 seruitutis,
417 3580 472 3634 quo
495 3566 648 3622 cruralibus
664 3564 762 3620 animis
780 3565 900 3620 nondum
924 3574 1031 3634 oportet

1102 3565 1854 3637 aleatorisintabuladeprctam,litaniasquecanentespro
1948 3575 1949 3604 t

239 3632 368 3702 signailla
379 3633 847 3707 revelari,quommJngoedomandi
858 3643 931 3689 suat.
952 3635 1031 3693 Tales
1080 3651 1129 3692 sua
1141 3635 1221 3692 simul
1235 3644 1261 3690 et
1271 3650 1366 3692 eorum
1377 3643 1595 3707 propterquoset
1605 3637 1640 3691 ad
1655 3639 1853 3707 quosvenerunt,
1948 3649 1949 3672 1

240 3711 331 3758 autem
346 3703 483 3774 spiritales
490 3713 577 3770 erant,
591 3705 754 3775 patriarchae
765 3719 799 3760 ae
811 3705 961 3773 propinata,
972 3720 1031 3761 orn·
1080 3706 1168 3761 salute
1179 3713 1280 3762 aterna
1295 3705 1408 3762 Domino
1418 3706 1636 3789 supplicabant.»
1653 3737 1691 3747 -
1701 3706 1766 3760 ltem
1776 3702 1853 3771 sequi·

239 3789 256 3827 n
268 3789 342 3843 sque
354 3774 382 3828 in
395 3773 593 3857 populolsrael,
607 3790 657 3845 per
667 3790 736 3843 qnos
747 3774 825 3829 nobis
845 3773 958 3844 spiritus
967 3790 1030 3829 san·
1081 3783 1144 3830 tur:
1168 3794 1177 3828 ι
1198 3775 1296 3832 Fertur
1309 3784 1398 3832 autern
1419 3791 1483 3846 quia
1507 3776 1754 3847 appropinquantes
1766 3770 1853 3852 οἰιὶιιιί

239 3851 299 3898 ctus
316 3843 374 3913 ipsa
387 3853 580 3914 scripturarum
592 3853 620 3901 et
637 3844 736 3900 auxilia
746 3851 774 3899 et
785 3844 879 3900 solatia
893 3843 1030 3900 ministra·
1080 3859 1156 3901 more
1166 3860 1215 3901 sno
1228 3861 1289 3901 cuno
1306 3861 1386 3902 cruce
1400 3852 1503 3911 sancta,
1519 3853 1547 3900 et
1560 3845 1681 3916 imagine
1693 3845 1780 3916 magni
1795 3855 1854 3911 rego

240 3918 290 3976 vit,
304 3915 356 3969 eth.
373 3934 383 3968 ι
1081 3915 1187 3971 bamini
1204 3915 1290 3971 nostri
1307 3915 1371 3971 iesu
1387 3913 1497 3981 Christi,
1511 3916 1580 3971 hanc
1593 3914 1729 3970 taeniam
1751 3926 1852 3969 consona

274 3982 340 4038 item
354 3983 441 4038 sancti
453 3983 631 4040 Athanasii-in
644 3997 769 4040 sermone
780 3991 877 4053 quarto
887 3983 1030 4040 adversum
1080 3999 1146 4043 uoce
1159 3985 1380 4041 modularentur:
1393 3984 1569 4056 deprecamur
1579 3994 1613 4049 te,
1622 3984 1745 4050 Domine,
1755 3984 1782 4037 in
1796 3980 1854 4036 oron

239 4053 369 4108 Arianos:
386 4052 603 4120 trirriomanitae,
612 4064 641 4110 ut
653 4055 754 4110 dictum
765 4063 815 4118 est,
825 4052 975 4118 iudicantes
987 4069 1031 4109 se·
1079 4054 1261 4111 misericordia
1282 4065 1337 4119 tna,
1353 4064 1382 4109 nt
1401 4054 1539 4125 anferatur
1552 4054 1628 4123 furor
1645 4053 1852 4116 taruanicam

240 4122 364 4178 rneltran
399 4138 518 4180 ressores
532 4124 626 4180 lieri.»
647 4124 751 4194 Etpost
763 4132 860 4178 caetera
876 4137 885 4177 t
903 4142 913 4175 ι
933 4123 989 4178 lloc
1001 4135 1029 4180 et
1080 4124 1217 4179 asinitate
1231 4125 1282 4179 ista
1297 4124 1436 4180 etndomo
1451 4133 1543 4179 sancta
1563 4133 1619 4191 tna,
1642 4123 1767 4194 quomam
1780 4135 1854 4193 μιιι

239 4192 273 4244 ab
286 4208 381 4263 exerrrp
421 4193 547 4265 imaginis
559 4194 729 4264 imperatoris
746 4193 876 4249 attentius
892 4193 954 4263 quis
965 4208 1030 4248 oon·
1081 4194 1180 4257 notas,
1196 4203 1250 4249 etc.
1271 4213 1281 4247 ι
1837 4256 1842 4266 ⁸

238 4261 359 4318 siderare
378 4263 489 4335 poterit.
506 4265 591 4336 lgitur
612 4267 639 4319 in
660 4264 778 4336 imagine
790 4262 975 4332 imperatoris,
996 4265 1031 4319 si·
1115 4263 1144 4318 ln
1157 4262 1271 4332 epistola
1288 4261 1511 4324 mortennani,
1527 4261 1693 4331 patriarchae
1716 4260 1853 4317 (ὶοιιιιιιιιι

239 4329 362 4388 militudo
375 4341 403 4388 et
414 4333 499 4388 forma
514 4343 556 4390 est
569 4348 577 4386 ι
589 4342 617 4389 ιι
629 4335 657 4389 in
670 4334 833 4402 imperatore
844 4332 954 4401 quidem
970 4348 1031 4402 quae
1080 4333 1237 4402 napolitani,
1249 4331 1423 4389 adloannem
1435 4333 1588 4404 episcopum
1600 4332 1780 4404 synadorum,
1792 4336 1853 4411 post·

239 4399 266 4454 in
291 4402 408 4474 imagine
433 4404 582 4460 similitudo
604 4414 666 4469 est,
694 4401 870 4458 immutabilis
892 4401 965 4456 enim
987 4410 1031 4458 est
1080 4418 1160 4472 quarn
1185 4402 1288 4459 litteras
1309 4403 1382 4459 beati
1404 4400 1528 4474 Gregorii
1543 4416 1621 4472 papa
1643 4400 1772 4471 suscepit,
1795 4404 1853 4451 inter

213 4489 218 4500 ·
239 4467 325 4526 foruna
335 4489 396 4542 quae
411 4472 438 4527 in
461 4474 579 4545 imagine
599 4473 771 4543 imperatoris
792 4472 950 4536 similitudo,
963 4486 1030 4541 qoa-
1080 4480 1178 4528 cetera
1188 4473 1295 4543 inquit:
1311 4490 1321 4524 ι
1339 4471 1486 4543 Epistulam
1501 4479 1597 4527 restrae
1609 4470 1765 4527 sanctitatis
1776 4479 1852 4546 susce·

240 4548 318 4596 tenus
329 4542 375 4611 qui
388 4543 520 4610 conspicit
534 4544 688 4624 imaginem,
701 4543 773 4596 videt
790 4542 816 4596 in
837 4556 870 4596 ea
884 4540 1030 4610 imperato·
1044 4526 1122 4666 θξὶ,
1138 4543 1165 4596 in
1176 4557 1228 4612 qua
1240 4541 1408 4598 referebatur
1425 4540 1459 4596 de
1471 4541 1596 4612 episeopo
1617 4540 1751 4599 Natholiae
1761 4554 1769 4591 a
1781 4539 1852 4605 sigot-

241 4624 309 4676 rem,
326 4611 477 4675 etiterum,
499 4611 546 4681 qui
569 4613 636 4667 radit
657 4611 868 4681 imperatorem,
891 4612 1030 4692 cognoscit
1100 4627 1192 4667 camos
1216 4614 1288 4667 enim
1314 4627 1385 4667 nunc
1410 4611 1505 4676 vobis,
1530 4611 1601 4667 sicut
1615 4619 1643 4667 et
1658 4611 1765 4681 pridem
1783 4617 1852 4685 opem

239 4679 1030 4763 quoniamhicestqniiuimaginc.ideoquodnonrmmn-
1080 4682 1276 4751 susciperemus
1302 4681 1407 4737 litteras
1433 4689 1532 4736 restra
1561 4680 1734 4741 sanctitatis.
1758 4687 1853 4755 οιιιιξι

241 4756 313 4803 tetur
334 4748 484 4806 similitudo
509 4750 556 4820 qui
573 4749 688 4806 noluerit
709 4765 771 4805 cnm
799 4749 916 4818 imagine
937 4752 1030 4807 ridere
1079 4759 1159 4823 gente
1173 4751 1218 4808 hic
1245 4751 1341 4807 eodem
1365 4751 1420 4807 Deo
1441 4750 1552 4806 amabili
1572 4751 1700 4820 episcopo
1722 4749 1750 4802 in
1764 4746 1851 4804 rerba,

239 4815 454 4888 imperatorem,
481 4820 553 4877 dicat
582 4835 698 4892 namque
724 4837 730 4873 :
756 4819 812 4890 Ego
837 4828 864 4873 et
882 4819 1029 4891 imperator
1078 4821 1203 4877 venimus
1217 4837 1279 4877 cunr
1303 4821 1311 4875 i
1331 4835 1361 4876 ιο
1384 4821 1555 4877 sciscitantes
1577 4834 1686 4874 sensum
1714 4815 1779 4892 ejus,
1792 4812 1852 4866 aab

239 4903 323 4944 ornum
337 4903 439 4955 ιιιιιιιιι,
459 4891 597 4961 egoenim
610 4890 639 4946 in
657 4905 689 4948 ιο
713 4901 783 4955 sarm,
797 4895 824 4946 et
836 4889 918 4944 illein
934 4905 987 4956 me,
1000 4899 1029 4946 et
1078 4891 1156 4945 nobis
1167 4892 1280 4946 relatum
1304 4836 1391 4945 AEerat
1407 4892 1440 4946 de
1453 4888 1509 4954 iilo,
1527 4889 1584 4960 ipse
1607 4903 1673 4943 rere
1691 4886 1777 4966 nobis·
1792 4883 1852 4962 inm

238 4959 310 5029 quud
334 4974 400 5016 cons
420 4961 469 5016 'cis
485 4961 513 5016 in
527 4974 580 5027 me,
607 4961 659 5017 hoc
683 4961 711 5015 in
736 4959 783 5016 illo
807 4959 890 5025 vides,
905 4968 932 5014 et
956 4960 1028 5083 quod
1079 4960 1151 5015 delit
1170 4975 1339 5031 responsum.
1355 4960 1540 5032 Opportunum
1551 4959 1624 5014 enirn
1643 4966 1694 5022 est,
1710 4953 1852 5032 singillatim

238 5028 328 5084 vidisti
350 5030 377 5085 in
409 5030 639 5099 lo,bocvideset
660 5032 688 5085 in
707 5044 761 5097 nae,
779 5030 911 5101 qnienim
928 5038 1028 5085 sautat
1077 5030 1168 5086 omnia
1183 5031 1309 5085 intimare
1330 5039 1427 5087 uestrae
1440 5029 1589 5094 sanctitati,
1607 5028 1737 5099 qnoniam
1753 5022 1852 5077 audeat

238 5097 392 5171 imaginem,
418 5100 521 5171 inipso
540 5100 638 5156 sainct
659 5100 859 5171 imperatorem.
883 5099 1027 5157 Enhnrero
1077 5099 1167 5154 divium
1185 5099 1325 5170 Scriptura
1348 5101 1454 5156 dicente
1477 5113 1485 5152 a
1506 5098 1569 5154 lion
1587 5098 1667 5169 [aeia
1689 5095 1736 5152 tiii
1763 5103 1852 5148 onnes

237 5166 311 5224 illius
320 5169 411 5225 iorrna
425 5179 452 5226 et
466 5171 569 5240 species
580 5179 622 5226 est
634 5172 737 5240 imago,
755 5179 808 5226 etc.
826 5189 835 5220 ι
1076 5169 1274 5225 similitudinem
1287 5179 1314 5223 nt
1337 5169 1430 5224 odores
1444 5185 1485 5233 ιι,
1542 5177 1604 5222 nota
1620 5168 1648 5221 io
1662 5164 1728 5220 eoefe
1749 5172 1851 5219 sunm

262 5235 339 5316 ,Ιιιιιι
357 5241 444 5296 sane-d
464 5240 621 5305 Athanasii,
639 5241 757 5310 episcopi
782 5240 964 5310 Theopoieos,
992 5240 1027 5295 ad
1077 5248 1101 5292 et
1115 5249 1214 5321 quanta
1227 5241 1256 5294 io
1271 5250 1342 5294 terra
1354 5237 1491 5308 deorsum(
1517 5228 1851 5316 and.11),seeundumh⁰t

240 5303 568 5380 Simeonemepiscopnm
581 5311 702 5365 Bostra:
718 5328 728 5361 ι
745 5310 784 5371 Si.
802 5322 902 5379 patres,
920 5319 1027 5380 oportet
1076 5308 1142 5374 dina,
1155 5308 1282 5378 quoniam
1292 5324 1345 5365 non
1356 5310 1469 5365 debetur
1479 5307 1640 5363 manufactis
1649 5305 1782 5361 adoratio.
1794 5298 1850 5379 ant

240 5380 387 5433 secundnm
403 5380 538 5450 eloquium
551 5388 620 5435 utta
636 5380 735 5435 asseris
757 5381 932 5450 interrogare,
952 5380 1028 5435 insu·
1075 5389 1183 5434 sanctos
1196 5379 1298 5435 Christi
1310 5387 1381 5434 mart
1400 5394 1454 5445 res,
1468 5379 1514 5448 qui
1536 5393 1607 5434 verae
1623 5383 1687 5432 sunt
1710 5376 1851 5446 margarita

239 5455 288 5512 per
305 5457 395 5502 antem
422 5459 450 5505 et
473 5451 602 5506 seniores.
621 5469 632 5502 r
652 5449 685 5504 dt
709 5461 769 5521 post
790 5464 900 5518 pauca:
922 5449 1027 5504 ‹Sieut
1076 5448 1148 5515 fidei,
1160 5449 1233 5504 omni
1249 5450 1352 5506 honore
1375 5395 1470 5520 ‹hignos
1508 5457 1623 5511 utamus,
1646 5453 1675 5501 et
1691 5444 1851 5521 interceptio·

239 5514 312 5569 eninr
324 5519 435 5574 ιιιιιιιι
451 5520 559 5590 quidem
571 5520 744 5590 imperatore,
756 5520 845 5590 imago
863 5517 921 5588 ejus
932 5535 981 5590 pro
991 5534 1025 5576 ιο
1075 5533 1123 5574 nes
1135 5533 1228 5576 eornm
1242 5520 1407 5575 invocamus.
1429 5518 1471 5574 hd
1488 5463 1552 5574 haec
1566 5517 1674 5587 quidem
1700 5529 1750 5569 nos
1763 5511 1800 5566 illt
1813 5519 1850 5560 w·

239 5583 519 5656 aduratur,prnsente
539 5605 604 5660 ergo
618 5590 676 5658 ipso
690 5588 854 5659 superfluunt
876 5597 918 5645 est
943 5591 1025 5645 relin-
1075 5603 1201 5659 sponsum
1227 5590 1367 5652 dedimus,
1398 5589 1524 5660 qnoniam
1549 5586 1766 5643 Christianorum
1792 5576 1851 5631 iffi

239 5663 322 5732 quere
332 5656 446 5723 primam
464 5657 593 5724 formam,
607 5668 634 5715 et
645 5660 758 5715 adorare
769 5659 1024 5730 imaginem,nonne
1074 5660 1274 5715 venerationem
1298 5668 1325 5714 et
1346 5659 1530 5714 adorationem
1552 5657 1587 5712 ad
1610 5670 1693 5710 annm
1716 5660 1746 5708 ct
1774 5645 1850 5704 solum

239 5736 300 5790 quta
309 5724 455 5806 prefertur
472 5737 580 5797 propter
600 5730 769 5797 presentiam
785 5742 835 5798 pro
854 5743 908 5798 quo
928 5730 1024 5783 adura·
1075 5729 1158 5783 Derim
1188 5729 1280 5794 refert,
1293 5729 1363 5784 sicrrt
1377 5730 1508 5798 scripturn
1530 5735 1572 5782 cst
1594 5726 1759 5779 :Dominam
1776 5718 1850 5791 m

241 5797 296 5859 tur,
308 5795 463 5848 inhonorari
478 5811 537 5851 carn
550 5801 674 5868 oportet?
690 5820 699 5852 ι
718 5800 750 5853 Et
766 5799 863 5854 iteruin
880 5816 886 5852 ε
911 5819 919 5851 ι
947 5800 1023 5856 Sicut
1075 5811 1146 5853 taram
1163 5800 1294 5862 adorabis,
1320 5810 1343 5854 ct
1360 5799 1399 5856 itti
1425 5798 1474 5853 soli
1489 5795 1684 5867 sarcinalium.
1703 5792 1753 5864 rr).
1772 5786 1849 5844 Citii*
