4050 6192
122 331 177 416 fib
213 325 294 384 cett.
315 324 403 382 otte.
422 354 459 367 -
477 323 625 394 todem,
647 325 737 394 ΕΜ,
758 325 825 384 SEU
845 324 962 383 cobet
980 324 1187 384 caecemus.
1206 357 1242 368 -
1259 325 1334 384 ΕΡΡ.
1355 326 1545 386 tentabam
1562 331 1680 390 boam.
1716 333 1772 390 iii

123 442 192 495 tiatn
200 435 405 492 accommodata
414 435 659 503 deprehenduntur.
668 436 798 505 Equidem
806 433 923 489 baronio
936 438 960 495 Α
974 435 1104 499 itomana,
1120 434 1195 505 catius
1216 438 1338 493 meminit
1353 439 1409 493 laco
1425 439 1460 495 li'
1487 439 1595 513 (labb,
1609 442 1690 498 Cone.
1703 452 1770 502 torn.

123 509 197 566 band
211 506 348 562 amendes
368 505 424 578 (an.
437 504 500 570 iil,
516 521 543 558 n,
558 507 604 576 tlt)
626 521 677 575 qua
695 503 813 559 manabit
832 520 923 558 corru-
976 504 1042 566 tttt,
1057 522 1084 576 p.
1098 506 1153 576 ὅθ).
1175 506 1242 562 Natu
1254 509 1281 562 itt
1293 507 1358 564 Cod.
1373 507 1434 564 iat.
1455 525 1530 564 nuta.
1551 510 1631 579 stts,
1658 514 1704 584 qui
1726 514 1770 570 ln-

122 591 167 650 pte
183 593 250 641 esse,
268 583 292 630 et
312 574 443 646 aliqailas
461 575 638 644 superadditis
648 575 795 646 'depromta
813 573 921 637 latetur,
975 575 1104 630 scribitur
1118 576 1195 632 Liber
1206 580 1290 632 suncti
1307 577 1464 634 Colantlarri
1481 580 1514 634 de
1526 581 1617 649 lisbio,
1632 599 1686 638 nott
1699 586 1771 640 trude

125 650 180 704 imo
187 645 370 703 comeruditis
381 647 467 701 nostri
478 645 528 700 aevi
541 646 634 701 eadem
646 647 717 701 inter
725 644 924 716 suppositiones
975 653 1080 700 tantum
1096 648 1204 702 nomina
1219 656 1249 702 ut
1265 649 1326 704 aliis
1339 650 1365 703 in
1377 650 1531 717 codicibus,
1551 653 1599 708 sed
1619 654 1684 723 ipsae
1704 670 1771 710 con·

123 727 239 773 ceteras
258 715 367 784 rejici03
386 715 535 771 Adrianum
557 725 647 770 tamen
672 731 688 769 a
710 714 776 769 tarsa
796 715 924 784 opinione
974 716 1130 772 stitutiones
1149 732 1332 774 recensentur.
1347 719 1384 773 lto
1399 720 1480 790 igltnt
1497 723 1530 776 de
1547 725 1704 792 pontificum
1718 723 1772 780 Ro·

125 787 321 852 vindico,dum
334 784 413 850 Acta,
432 786 509 855 queis
531 786 570 839 uti
594 794 650 844 tutu
673 785 781 848 licebat,
800 792 923 840 meatum
975 801 1117 843 ntanorum
1141 787 1257 843 decretis
1283 789 1396 844 adrem
1426 800 1567 846 nostram:
1586 793 1771 850 tSilvcstcra

123 873 185 913 esse
201 857 347 921 contendo,
368 872 423 911 nott
441 864 531 910 autem
550 855 669 910 indidem
689 862 782 910 natam
800 854 923 924 sequenti
974 854 1056 912 Petro
1070 858 1224 927 trigesimus
1238 867 1351 929 quartus
1371 862 1544 932 congregatis
1569 863 1620 918 stt
1636 866 1772 949 episcopis

124 927 405 984 semlodonaaionem
414 926 561 981 mendaciis
572 934 652 996 atque
662 927 707 980 ine
727 926 772 980 tiis
783 923 921 980 relectam.
974 926 1092 996 capitula
1119 928 1190 982 stt.»
1215 929 1306 997 Quare
1327 947 1342 985 a
1364 946 1526 1002 quoeunque
1539 942 1567 988 et
1580 949 1676 1003 quotus
1700 945 1772 991 teta·

124 998 196 1052 Arate
208 997 434 1052 mebocvidcrat
445 994 549 1051 Natalis
560 997 633 1066 (sac,
646 1012 683 1062 tv,
717 997 764 1051 iss.
778 996 823 1061 25,
840 996 924 1049 arti
974 1011 1041 1066 pore
1064 996 1188 1052 Silvestri
1212 1003 1322 1055 decreta
1347 1000 1451 1068 arljcma
1474 1004 1530 1057 sint
1552 1003 1708 1071 cresconio,
1725 1005 1771 1076 qul

122 1077 153 1122 et
164 1067 193 1137 3)
216 1082 226 1121 a
248 1068 399 1135 reprobatae
417 1066 489 1119 cuim
507 1067 541 1120 ab
561 1083 591 1121 se
607 1066 744 1121 donationi
768 1081 815 1121 seu
836 1066 924 1120 edicto
977 1067 1093 1136 septimo
1105 1077 1221 1123 exeunte
1239 1070 1338 1125 saeculo
1358 1070 1481 1139 llorebat,
1497 1087 1529 1128 ea
1545 1073 1612 1128 niltil
1625 1075 1772 1131 aliudsutrt

120 1137 179 1205 iant
193 1137 230 1192 ab
248 1135 375 1191 omuibus
394 1135 561 1190 conciamato
578 1135 715 1206 subiungit
732 1150 792 1205 qnae
808 1136 866 1206 ipse
886 1142 925 1187 at·
975 1151 1056 1205 quatu
1080 1139 1256 1193 constitutum
1279 1140 1353 1206 illud,
1380 1143 1453 1211 quod
1478 1157 1511 1197 et
1534 1143 1611 1199 ,ictis
1633 1144 1771 1216 prataria,

124 1216 200 1262 teate
222 1205 407 1261 consideravit
422 1219 430 1258 ι
445 1205 563 1260 edictum
587 1205 652 1261 illud
676 1205 802 1261 nimirum
824 1205 925 1259 vidisse
975 1205 1142 1276 perindeque
1154 1217 1236 1277 atque
1247 1209 1293 1263 illa
1304 1219 1489 1281 peractarum
1501 1215 1630 1268 seculum
1640 1216 1700 1270 usui
1711 1230 1772 1271 esse

124 1277 244 1348 prinratn
257 1275 345 1329 lucem
361 1275 388 1329 in
406 1274 563 1330 collectione
576 1275 724 1332 lsidoriana
735 1292 743 1341 ;
756 1274 816 1344 ejus
832 1274 925 1328 menti·
974 1283 1095 1345 poterat;
1120 1280 1228 1333 tametsi
1248 1277 1306 1347 ejus
1326 1289 1485 1361 excerptum
1507 1282 1606 1353 ubique
1623 1284 1773 1340 adhibitum

123 1347 201 1401 uisse
218 1345 394 1399 ilincmarum
409 1346 529 1400 omnium
546 1347 683 1415 primum;
700 1353 794 1413 postca
815 1359 849 1399 et
870 1343 926 1398 Ro-
975 1346 1092 1410 videam,
1116 1347 1211 1401 nullibi
1223 1362 1256 1402 ea
1268 1349 1302 1403 iis
1316 1348 1495 1419 20capttibus
1516 1351 1600 1406 ullum
1624 1353 1770 1409 inveniam.

124 1416 215 1470 manis
231 1415 406 1484 pontificibus
420 1414 537 1469 Leonem
554 1416 600 1480 tx,
613 1429 694 1484 quem
710 1413 792 1468 luerit
804 1413 926 1468 imitatos
975 1413 1148 1485 Quapropter
1162 1417 1198 1471 ad
1212 1432 1312 1472 nonum
1328 1418 1457 1473 sacculum
1470 1418 1572 1476 dillerri
1585 1431 1710 1493 oportere
1719 1425 1773 1478 aie-

124 1486 228 1542 Petttrs
241 1484 364 1539 Damiani
382 1484 410 1538 in
424 1483 618 1553 Disceptatiorre
634 1483 755 1554 synodali
770 1484 839 1537 inter
857 1483 925 1552 repis
975 1485 1038 1538 batn
1048 1499 1189 1548 canonem,
1203 1487 1524 1567 qniestaossllomana
1538 1492 1662 1546 collectio
1692 1494 1769 1555 tima,

123 1555 294 1615 advocatam,
303 1564 328 1607 et
340 1553 416 1608 Rom.
429 1552 503 1607 Eccl.
512 1553 685 1623 defensorem.
701 1553 821 1622 lienique
833 1551 926 1606 busel-
975 1568 1111 1623 quemque
1124 1554 1151 1608 in
1164 1554 1275 1623 iudtciis
1295 1566 1401 1612 tantum
1423 1573 1483 1613 esse
1506 1560 1654 1616 collibitum
1738 1562 1773 1616 tv

123 1640 203 1681 num
214 1624 366 1679 Lucensem
383 1631 411 1678 et
429 1624 536 1678 lronem
553 1623 619 1678 illud
636 1622 788 1691 adoptasse,
808 1636 924 1691 quorum
977 1631 1102 1688 testatur,
1129 1639 1215 1679 sacre
1241 1626 1415 1682 bibliothecae
1439 1643 1489 1683 usu
1516 1629 1545 1682 in
1576 1629 1689 1699 reliquis
1719 1647 1773 1686 non

124 1705 219 1749 tamen
231 1693 386 1748 auctoritati
398 1691 594 1764 praeferendum
603 1691 666 1761 iure
677 1700 755 1761 putat
803 1691 923 1746 ntilicum
977 1696 1110 1761 neglecto,
1128 1701 1158 1747 ut
1173 1695 1273 1764 passim
1286 1696 1347 1750 steri
1362 1705 1479 1751 constat.
1495 1696 1604 1766 ili-jecta
1620 1699 1703 1775 igitur
1714 1701 1773 1755 col·

124 1763 240 1820 Adriani
253 1762 395 1818 etNicolai
406 1764 425 1826 l,
445 1777 550 1817 necnon
563 1761 699 1817 Anastasii
710 1761 759 1816 Bib
772 1761 923 1824 iotbccsrii,
942 1761 1093 1840 plectione
1117 1761 1239 1817 llontana
1262 1765 1296 1819 ab
1314 1776 1411 1820 octavo
1427 1768 1535 1832 sacculo,
1552 1769 1618 1823 nibil
1640 1777 1681 1825 est
1702 1770 1775 1839 qued

124 1843 155 1889 ct
167 1832 328 1904 liutprandi
339 1832 457 1904 episcopi
471 1832 662 1888 Cremonensis
673 1831 835 1886 altissimum
848 1831 881 1885 de
893 1846 926 1885 eo
977 1845 1038 1886 earn
1059 1831 1086 1885 in
1106 1831 1220 1886 Adriani
1242 1833 1342 1890 litteris
1358 1836 1542 1904 exquiramus.
1558 1838 1673 1893 Perinde
1685 1849 1726 1893 est
1740 1841 1774 1895 de

124 1904 277 1959 silentium.
292 1903 331 1957 lta
345 1904 420 1958 card.
445 1901 564 1966 Remuli,
579 1900 692 1956 loannis
703 1901 809 1964 Morini,
830 1916 862 1955 ac
876 1900 926 1955 Pe-
976 1901 1135 1956 isidorianis
1152 1903 1296 1968 mercibus,
1320 1920 1388 1974 quas
1404 1921 1475 1960 nono
1492 1907 1591 1963 saeculo
1605 1908 1775 1963 circumferri

124 1975 164 2028 tri
176 1975 213 2029 de
226 1973 316 2028 blatea
328 1973 431 2028 letibus
443 1971 606 2041 coniecturis
618 1971 745 2041 explosis,
760 1971 811 2040 ipsi
823 1971 926 2025 isidoro
976 1979 1081 2041 ereptas
1093 1971 1191 2026 eruditi
1210 1972 1372 2042 intelligunt,
1388 1973 1520 2044 Figlinam
1535 1985 1624 2033 tamen
1643 1985 1690 2032 aut
1700 1979 1774 2048 igno-

125 2042 283 2107 }lercatori,
295 2043 486 2113 plaudentibus
500 2042 586 2099 nostri
600 2043 650 2097 asti
665 2041 789 2105 eruditis,
807 2040 926 2096 edictum
977 2049 1050 2106 rant,
1072 2049 1120 2095 aut
1142 2042 1267 2112 ignorare
1289 2044 1428 2098 statutam.
1446 2045 1521 2100 Unus
1534 2047 1689 2102 blondellus
1704 2063 1775 2117 pene

126 2112 195 2167 illud
208 2113 333 2167 ascribit
705 2145 707 2150 ,
977 2112 1067 2182 attigit
1087 2120 1226 2181 punctum,
1245 2113 1291 2167 ubi
1306 2114 1345 2168 ait
1364 2128 1414 2183 sup
1451 2115 1564 2171 sitiones
1576 2118 1635 2171 illas
1652 2117 1774 2172 Franco-

162 2181 257 2236 xxut.
273 2182 473 2253 ,etquicunque
483 2182 542 2253 cius
552 2189 647 2237 auctor
659 2182 703 2246 sit,
716 2181 928 2250 Romanospon-
977 2179 1170 2236 Germanicum
1189 2190 1327 2237 auctorem
1348 2185 1412 2238 redo
1422 2199 1479 2240 ere.
1501 2186 1608 2241 Etenim
1620 2201 1654 2242 cx
1667 2202 1774 2242 surntna

125 2252 218 2308 tifices
228 2254 347 2308 sensisse
360 2252 504 2315 fallaciam,
519 2254 595 2307 testis
606 2260 647 2306 cst
661 2261 771 2307 sanctus
781 2250 928 2319 Gregorius
978 2252 1099 2305 onmium
1113 2265 1206 2306 earum
1224 2253 1439 2335 suppositionum
1452 2263 1569 2319 cottstat,
1585 2257 1612 2310 in
1627 2258 1775 2328 provinciis

127 2322 183 2386 tlt,
201 2323 249 2393 qui
268 2322 357 2378 sancti
378 2322 475 2379 leottis
494 2322 530 2377 lb'
546 2323 659 2376 nimiam
676 2322 861 2376 cre-lubtatent
881 2335 928 2374 sus
979 2320 1106 2376 lientensi
1122 2328 1149 2375 et
1162 2321 1315 2392 bloguntttta
1329 2330 1390 2395 post
1405 2324 1531 2382 Ludorici
1550 2324 1591 2380 Pii
1612 2334 1774 2381 exauctora-

124 2394 218 2462 deque
230 2393 345 2459 babens,
365 2392 447 2448 edicti
469 2392 633 2448 attctoritate
655 2407 689 2447 nc
710 2391 793 2446 semel
819 2390 928 2460 quidem
979 2391 1089 2452 tionem,
1106 2400 1134 2446 et
1149 2406 1243 2462 poenas
1257 2392 1319 2448 inde
1332 2401 1439 2450 secutas
1450 2404 1546 2450 contra
1561 2396 1704 2470 episcopos
1716 2395 1774 2465 ejus

127 2471 171 2516 est
189 2478 264 2517 usus.
288 2462 403 2518 Occasio
422 2471 514 2518 tannen
537 2462 678 2532 multiplex
698 2477 732 2516 ec
755 2477 785 2516 se
807 2458 927 2515 vertendi
979 2460 1066 2515 aliero
1115 2475 1149 2516 ue
1171 2462 1331 2518 delictorum
1354 2477 1416 2519 reos
1440 2475 1520 2522 natas
1542 2480 1613 2533 esse,
1637 2474 1665 2522 et
1687 2466 1775 2522 sancti

126 2532 222 2586 oblata
235 2540 339 2588 estaet
355 2549 416 2588 cum
434 2533 571 2603 Hispaniae
592 2548 704 2602 regnum
726 2530 845 2601 antiquis
862 2544 928 2584 oon·
977 2530 1074 2586 isidori
1120 2530 1261 2601 ispalensis
1275 2533 1427 2589 collectioni
1445 2536 1563 2607 optimae,
1579 2553 1660 2608 quam
1675 2537 1771 2619 llispa·

125 2602 318 2659 stitutiottibus
333 2603 407 2658 leuto
422 2602 500 2656 Petro
513 2611 538 2656 et
551 2613 650 2656 sanctor
663 2599 791 2655 Romane
803 2598 929 2654 Ecclesiae
979 2615 1044 2655 nam
1070 2615 1210 2666 vocamus,
1234 2602 1324 2673 inepte
1350 2604 1502 2673 adiunctas.
1524 2606 1561 2661 At
1584 2610 1618 2661 de
1642 2608 1676 2663 iis
1697 2608 1773 2675 abbi,

139 2688 196 2727 nott
222 2671 355 2729 silvestro
373 2678 402 2727 et
424 2673 637 2735 successoribus)
662 2671 790 2726 traditum
807 2684 869 2725 csse
889 2669 929 2725 ait
979 2684 1053 2725 nanc
1067 2670 1100 2725 do
1115 2671 1182 2739 ipsis
1195 2672 1307 2727 Adriani
1320 2674 1442 2744 epistolis
1455 2676 1597 2731 dicendum
1611 2685 1663 2733 est.

148 2744 187 2797 'b.
204 2757 281 2813 t,ep.
295 2744 358 2807 i;l.
373 2742 541 2813 rv,ep.2s);
557 2751 660 2797 etcum
678 2740 797 2796 Otuomr
810 2738 929 2810 jucicem
1015 2739 1099 2796 XXV.
1116 2740 1255 2797 Novemet
1269 2746 1446 2817 quaaraginta
1459 2747 1560 2801 eaedem
1574 2755 1647 2813 sunt,
1664 2762 1696 2802 ac
1709 2762 1774 2820 pro·

167 2812 318 2867 laritartum
336 2814 450 2876 monuit,
474 2821 504 2867 ut
525 2828 587 2868 cum
609 2811 721 2881 reliquis
739 2809 876 2880 judicibus
895 2809 930 2864 de
980 2808 1042 2865 iude
1055 2811 1168 2867 totidem
1179 2811 1328 2883 lereatque
1341 2813 1473 2887 ittaqnas
1486 2818 1634 2887 bucusque
1645 2817 1773 2874 vidimus.

125 2881 297 2936 sareanen·
316 2882 389 2936 Petri
407 2883 434 2937 in
454 2882 580 2938 Sardinia
599 2882 756 2938 conveniret
777 2881 834 2949 (lib.
849 2896 869 2945 t,
884 2895 928 2951 ep.
979 2880 1071 2951 Longe
1083 2889 1175 2937 autem
1188 2881 1222 2939 iis
1233 2892 1373 2955 praestant,
1394 2886 1457 2957 quia
1477 2888 1585 2958 scriptae
1603 2902 1698 2943 omnes
1714 2896 1776 2958 post

126 2950 194 3022 il);
218 2961 246 3006 et
259 2968 321 3006 curn
337 2951 425 3007 insula
439 2951 550 3009 Corsica
564 2968 599 3008 ex
613 2952 767 3007 invasorum
781 2951 931 3006 saraceno
980 2951 1101 3075 {dmum
1122 2952 1212 3008 Caroli
1226 2955 1410 3011 advenlttmin
1426 2957 1529 3011 ltaliam
1545 2959 1660 3029 indeque
1673 2958 1775 3028 ejectos

127 3036 193 3075 ram
215 3023 341 3078 manibus
363 3031 465 3094 erepta,
488 3039 521 3077 eo
543 3022 670 3078 Pisanum
695 3021 929 3095 amitiepiscopam
1003 3021 1183 3092 angebardos.
1202 3024 1337 3080 Preterea
1352 3026 1421 3082 datae
1434 3042 1529 3082 ontncs
1542 3036 1605 3082 suut
1618 3028 1777 3100 postcccle·

127 3091 218 3155 misit,
235 3101 266 3147 ut
281 3092 355 3146 illam
370 3104 475 3164 regeret
487 3093 547 3164 (tib.
560 3108 585 3157 v,
600 3107 643 3164 ep.
657 3091 697 3164 d).
717 3091 758 3147 dd
771 3090 927 3161 llispaniam
942 3114 965 3176 c
980 3092 1119 3148 siastlcam
1143 3094 1275 3150 ditionem
1290 3095 1325 3149 ab
1336 3108 1370 3150 eo
1387 3096 1440 3152 late
1463 3096 1656 3168 amplificatam
1680 3100 1775 3154 eadem

125 3170 222 3215 autem
233 3163 307 3232 quod
319 3163 424 3229 attinet,
437 3163 568 3218 baronius
578 3170 671 3218 censet
683 3163 739 3235 (an.
755 3162 816 3226 tot,
829 3177 856 3216 n.
884 3161 928 3233 to)
980 3163 1126 3219 occasione
1146 3163 1225 3234 primi
1242 3165 1283 3219 sni
1305 3165 1449 3234 adventus,
1473 3182 1544 3222 anno
1567 3168 1693 3225 videlicet
1711 3169 1774 3236 iil,

125 3239 197 3285 ante
209 3231 376 3288 intasionem
389 3233 468 3288 beato
482 3233 562 3289 Petro
575 3234 640 3288 illud
703 3248 766 3286 num
779 3246 840 3287 esse
855 3230 930 3286 obla·
980 3231 1092 3290 ineunte
1108 3249 1201 3290 mense
1215 3234 1311 3305 Aprili,
1329 3251 1391 3291 cum
1403 3237 1601 3293 solemnitatem
1616 3237 1775 3295 Pascbalem

127 3313 190 3355 tum
208 3302 244 3358 ab
262 3302 353 3374 aliquo
372 3317 407 3357 ιιι
428 3303 481 3374 piis
503 3304 612 3374 regibus
629 3303 683 3374 30
730 3302 835 3367 Gotbis,
857 3300 930 3371 quod
979 3303 1119 3372 piissimus
1142 3318 1190 3359 ret
1213 3306 1359 3360 celebravit
1388 3307 1490 3363 Rornae.
1522 3306 1702 3374 Quamobrem
1727 3309 1775 3379 qui

125 3385 267 3441 nusquam
291 3387 343 3443 ego
371 3374 499 3443 reperi03
526 3383 555 3429 at
579 3376 756 3443 undecunque
782 3371 930 3442 Gregorius
981 3374 1127 3444 bucusque
1137 3375 1324 3457 perspeximus
1333 3375 1708 3449 dottationemPippinianam,
1722 3379 1776 3434 Ro-

126 3442 258 3496 eotitiam
288 3443 427 3508 hauserit,
455 3459 566 3500 censum
592 3443 778 3498 tantummodo
800 3442 928 3512 exquirit,
980 3458 1068 3523 manc
1085 3445 1231 3517 procincta
1246 3461 1293 3501 seu
1313 3447 1460 3529 antiquiori
1474 3458 1575 3504 sanctae
1593 3448 1666 3504 sedis
1679 3448 1775 3505 ditioni

124 3512 204 3582 quod
213 3512 378 3568 oblationem
390 3529 444 3568 non
455 3514 627 3570 donationem
639 3514 695 3569 desi
733 3520 771 3566 at.
785 3511 930 3567 beinsulis
980 3513 1145 3581 adiunctam,
1166 3517 1213 3571 scd
1232 3531 1368 3585 nunquam
1384 3519 1535 3590 tntegreab
1554 3533 1586 3574 ea
1606 3533 1769 3591 possessam,

126 3596 198 3636 tero
213 3581 351 3648 Sardinia,
366 3583 527 3647 etCorsica,
548 3581 930 3655 quasCaroinacdonationis
979 3583 1045 3651 quin
1078 3585 1161 3639 etiam
1191 3587 1269 3642 notis
1297 3599 1369 3657 saepe
1396 3588 1582 3646 invasionibus
1608 3590 1773 3657 obnoxiam,

126 3659 237 3722 partem
248 3667 310 3707 esse
325 3669 378 3708 non
393 3667 416 3706 e.
427 3670 455 3709 tn
469 3654 580 3718 latebat,
594 3670 610 3708 a
624 3653 760 3710 Ludorim
773 3651 830 3717 rto,
850 3652 928 3708 Otto·
980 3653 1177 3725 metuquelere
1190 3664 1389 3726 perpetuorum
1403 3659 1501 3729 ipsam,
1523 3667 1581 3716 tunt
1593 3661 1774 3731 antiquiorem

124 3722 224 3787 mirus,
244 3731 272 3777 et
286 3723 402 3779 llenrico
422 3723 431 3778 Ι
449 3725 615 3779 confirmata
633 3723 766 3792 loquitor,
782 3730 812 3777 ut
835 3738 929 3778 carum
979 3724 1120 3792 ditionem,
1146 3727 1260 3780 acerbe
1273 3727 1381 3796 quidem
1395 3738 1520 3802 excepta,
1545 3732 1686 3802 agitatam,
1707 3746 1774 3786 con·

126 3793 267 3846 dominus.
288 3790 440 3863 Siquando
460 3803 550 3848 autent
569 3793 693 3849 silvestri
711 3792 788 3848 Actis
809 3793 927 3857 inhaesit,
980 3795 1063 3849 traria
1076 3796 1119 3849 bis
1129 3794 1258 3877 deinceps
1271 3797 1354 3851 visuri
1367 3812 1471 3854 samus.
1483 3800 1652 3857 Exarcbatus
1663 3809 1691 3855 et
1701 3800 1774 3855 Pen-

127 3870 160 3916 ιιι
180 3861 328 3917 Adriatrum
351 3863 448 3920 iecisse
468 3864 595 3930 sistimus,
615 3873 663 3918 aut
686 3864 768 3918 etiam
791 3864 929 3918 donationi
979 3865 1085 3934 tapolis,
1099 3863 1323 3934 seuPippmiattae
1338 3867 1490 3924 donationis
1504 3872 1640 3939 possessio
1656 3871 1772 3940 integra,

126 3947 192 4001 qna
205 3948 256 3987 suo
268 3948 326 3989 aevo
337 3931 394 4002 jtm
410 3934 563 3990 adoleverat
575 3933 656 4003 btrjus
669 3932 804 3989 fallaciam
821 3934 926 4001 tenuit;
978 3949 1132 4005 quanquam
1143 3933 1309 3990 Ravennatis
1319 3938 1515 4010 archiepiscopi
1527 3941 1639 3995 audatia
1652 3939 1774 4009 aliquan·

127 4017 216 4071 quare
225 4003 404 4058 Constarttino
418 4002 541 4071 atljuttttit
551 4004 686 4064 (Iamlam,
703 4016 870 4074 ceterosque
882 4004 930 4059 be-
978 4006 1026 4059 diu
1039 4005 1157 4069 turbata,
1170 4005 1197 4058 in
1207 4005 1320 4061 Adriani
1338 4007 1459 4077 epistolis
1475 4010 1662 4081 perspicietur.
1676 4010 1774 4066 Tuscia

127 4087 166 4128 tte
188 4074 220 4127 de
239 4074 359 4128 Ecclesia
380 4075 501 4130 meritos.
526 4075 554 4130 ltl
576 4072 725 4129 luculenter
745 4074 876 4128 discimus
895 4088 928 4129 es
978 4074 1261 4146 Langobardicaquae
1273 4076 1402 4133 Romanae
1414 4094 1461 4134 seu
1473 4083 1586 4135 ducatus
1594 4080 1664 4151 parti
1676 4080 1775 4135 Trans·

121 4140 284 4211 juramento
305 4146 376 4214 quod
393 4145 509 4200 ilenrico
522 4144 664 4216 proposuit
685 4143 743 4214 (lib.
760 4160 798 4210 tt,
811 4151 872 4214 post
884 4158 926 4215 ep.
978 4146 1101 4201 tiberinae
1118 4144 1243 4214 adjuncta
1258 4162 1318 4202 eam
1346 4148 1456 4205 cenllcit
1469 4151 1637 4220 provinciam
1650 4166 1710 4221 quae
1722 4151 1772 4206 bo-

123 4211 157 4294 i)
180 4223 210 4267 at
239 4216 485 4270 reconciliationem
508 4221 726 4286 promereretur:
740 4231 749 4262 t
761 4215 798 4268 lle
820 4215 930 4269 ordina·
978 4216 1024 4272 die
1035 4217 1111 4273 audit
1122 4214 1329 4283 Patrimonium,
1344 4218 1443 4274 ibidem
1459 4229 1597 4293 comperta
1614 4221 1677 4276 erit.
1689 4221 1771 4276 Cisti.

125 4292 204 4337 trane
217 4299 283 4340 vcro
298 4284 493 4351 Ecclesiarum,
514 4295 541 4341 el
560 4286 593 4340 dc
609 4285 692 4340 terris
705 4284 746 4337 vcl
766 4300 929 4355 censuque
977 4287 1073 4343 berino
1097 4287 1206 4342 ducatui
1227 4288 1391 4343 territorium
1414 4289 1564 4347 Sabinensc
1584 4299 1612 4347 et
1631 4290 1771 4347 Beneven-

123 4353 323 4410 Gontantinus
340 4354 927 4426 imperatorvclilarolussattctol’etrolnon
977 4357 1034 4411 tani
1059 4359 1172 4412 ducatus
1198 4358 1323 4415 civitates
1350 4374 1398 4414 sert
1424 4360 1452 4415 in
1479 4361 1626 4432 Campania
1653 4360 1775 4431 adiectas

124 4422 272 4495 sinestra)
288 4426 427 4491 dcdemnt,
443 4435 471 4482 et
484 4425 656 4483 demonibus
673 4424 847 4480 ecclesiisve!
860 4442 929 4496 prae-
979 4435 1114 4483 testantur
1127 4428 1227 4483 eadem
1244 4429 1375 4500 epistolae.
1390 4429 1565 4501 Spoletanum
1584 4431 1701 4502 denique
1719 4430 1771 4496 du·-

125 4493 180 4549 dlis
193 4510 255 4564 que
268 4497 425 4564 apostolicae
438 4497 496 4552 sedi
515 4497 550 4552 ab
566 4495 703 4566 aliquibus
724 4495 792 4551 viris
810 4496 852 4551 vel
871 4511 926 4551 mu·
943 4471 1069 4552 Dantem
1094 4495 1196 4553 farctum
1216 4499 1390 4554 tributarium
1412 4502 1499 4557 sancti
1521 4501 1594 4558 Petri
1609 4518 1641 4558 es
1660 4502 1772 4557 Adriani

125 4564 242 4619 lienibus
264 4567 356 4636 aliquo
380 4575 501 4637 tempore
522 4574 584 4621 sunt
601 4566 701 4631 oblata,
721 4573 800 4621 etc.»
833 4565 868 4620 dt
894 4568 927 4621 de
977 4566 1076 4622 lateris
1086 4568 1261 4638 accipiemus.
1274 4570 1372 4625 iudicia
1386 4570 1467 4625 etiam
1482 4573 1609 4628 nonnulla
1618 4581 1772 4644 suppetent,

125 4635 273 4690 maone
287 4652 369 4706 qoam
385 4637 570 4706 imprudenter
584 4634 727 4705 conjicitur
742 4635 853 4692 Adriani
869 4651 928 4692 aevo
976 4637 1036 4707 pari
1058 4646 1131 4693 sorte
1150 4654 1230 4694 usum
1243 4640 1442 4696 esseducstum
1458 4640 1573 4709 Tusciae,
1587 4659 1670 4714 quam
1683 4643 1775 4722 'appel-

125 4705 289 4768 etacrsisse,
316 4721 433 4778 eumque
456 4723 488 4762 ac
508 4721 680 4763 soccessores
697 4707 835 4774 amplexos
852 4706 926 4761 illam
977 4709 1034 4763 lant
1047 4708 1176 4777 regalem
1196 4709 1242 4765 Eae
1255 4724 1320 4765 tero
1334 4711 1461 4778 ditiones,
1476 4727 1539 4768 cum
1556 4714 1700 4769 undecimo
1712 4711 1716 4718 '
1727 4728 1771 4768 am

124 4790 197 4839 esse,
208 4773 266 4843 jam
273 4777 341 4831 satis
351 4780 445 4832 matta.
460 4777 567 4833 Etenim
577 4777 719 4831 dicendum
730 4776 831 4846 aliquid
843 4783 928 4831 restat
977 4777 1114 4833 seculoitt
1139 4787 1273 4849 potestate
1301 4780 1359 4836 iere
1383 4797 1485 4848 omues
1501 4792 1594 4840 essent
1616 4791 1711 4855 aposto
1724 4784 1776 4839 ica

126 4847 162 4899 dt:
176 4845 262 4901 abero
281 4846 412 4910 lemnum
433 4847 500 4915 leta,
520 4862 568 4903 scu
589 4847 749 4911 constituto,
771 4847 843 4916 quod
865 4847 928 4901 inde
976 4847 1059 4913 sedis,
1095 4850 1294 4907 raetchoscias
1308 4853 1445 4915 ducatum,
1462 4867 1496 4908 no
1521 4862 1578 4909 tara
1593 4854 1706 4926 antiquo
1721 4854 1774 4908 bae-

126 4915 214 4972 rnulto
233 4923 297 4971 ante
317 4917 489 4973 donationem
504 4933 551 4974 seu
571 4918 690 4971 erbetum
709 4916 884 4986 produxerat,
900 4924 928 4970 et
976 4928 1055 4974 ream
1069 4864 1255 4987 Ktndamento,
1267 4937 1299 4976 ac
1311 4922 1426 4993 proinde
1441 4922 1777 4984 situelaseasdemattin·

126 4984 207 5054 cuius
225 4988 375 5044 atrctoritas
388 5004 486 5060 magna
501 4995 561 5044 erat
578 4986 680 5050 llomae,
693 4995 722 5040 et
736 4988 763 5043 in
778 4986 926 5058 duplicans
976 5004 1052 5061 gere,
1076 5006 1122 5047 ars
1140 5007 1231 5059 ontms
1250 4997 1398 5062 omnesque
1417 4994 1558 5050 industriae
1579 4994 1655 5056 necti
1672 5008 1772 5049 anon·

125 5055 260 5121 Ecclesia,
278 5065 307 5111 ut
319 5068 395 5129 patet
407 5074 440 5114 ert
453 5059 530 5113 libris
543 5056 778 5113 Poenitetttialibos
790 5058 825 5111 alt
838 5066 928 5113 extre·
977 5059 1058 5120 nullis
1068 5063 1281 5126 scribonianus
1289 5064 1491 5125 tundamentum
1502 5065 1510 5119 i
1544 5081 1600 5131 unt,
1611 5063 1774 5135 quodam

127 5141 176 5180 ruo
185 5128 424 5184 scrutatio-,lesia
435 5130 561 5199 septitno.
977 5130 1102 5187 demobm
1127 5142 1279 5202 netpteont,
1305 5133 1478 5189 labefactent.
1500 5081 1544 5190 iffi
1569 5135 1597 5191 id
1618 5133 1773 5206 epistolaris

165 5196 261 5254 xxiv.
273 5198 431 5267 Huiusmodi
449 5200 626 5255 constitutum
639 5197 859 5267 putatllaronius
869 5196 925 5270 (att.
976 5200 1044 5257 ordo
1070 5211 1210 5272 comparat
1226 5203 1380 5258 machinam
1395 5205 1512 5260 manime
1526 5207 1770 5267 accommodatam,

127 5268 193 5333 sat,
203 5285 231 5323 n.
248 5268 310 5342 lii)
324 5270 414 5340 primo
426 5270 528 5325 editum
541 5270 568 5325 in
583 5269 670 5323 veteri
680 5267 861 5323 cresconiana
872 5269 929 5325 col·
977 5271 1110 5342 siquidem
1125 5280 1282 5343 perpetuum
1295 5273 1477 5346 chronologiae
1499 5276 1637 5332 silentium
1656 5277 1691 5329 ad
1712 5270 1771 5328 col-

128 5338 266 5406 lectione;
293 5356 357 5394 curu
378 5350 468 5395 autem
491 5356 524 5395 eo
541 5339 651 5395 nomine
666 5337 756 5393 donati
771 5338 825 5393 sint
837 5340 928 5410 plures
977 5341 1086 5397 lectoris
1101 5343 1233 5399 incuriam
1245 5345 1358 5401 accedit.
1372 5344 1501 5417 Adeoque
1510 5345 1685 5416 qtraelerendis
1698 5350 1774 5414 post-

127 5409 247 5475 mtfmes,
261 5411 307 5480 qui
320 5409 444 5481 Gregorii
460 5411 543 5466 etiarn
557 5409 578 5463 ll
601 5409 809 5465 constitutiones
825 5426 927 5481 prese·
975 5413 1161 5483 ponendisque
1183 5414 1316 5486 epistolis,
1337 5415 1372 5471 ad
1391 5425 1514 5486 optatum
1534 5417 1615 5474 tinem
1633 5412 1772 5487 perveniri

126 5478 230 5545 imunt,
245 5495 334 5551 neque
353 5481 398 5536 ille
413 5490 521 5537 aculem
536 5480 687 5536 collectioni
701 5480 862 5551 praescribit,
877 5497 927 5538 ne·
976 5489 1075 5552 potest.

128 5565 181 5620 que
192 5551 239 5606 ulli
253 5552 395 5606 bornicum
413 5551 583 5608 statuendam
601 5565 663 5606 esse
680 5550 801 5605 arbitmr
814 5551 841 5605 in
852 5559 927 5606 tanta
1012 5553 1107 5608 dxli.
1127 5552 1202 5609 Hanc
1215 5568 1274 5609 rent
1287 5568 1344 5624 pra·
1354 5554 1415 5610 aliis
1427 5553 1524 5611 troisse
1533 5554 1704 5612 tnndtstam
1718 5553 1772 5609 lta·

127 5633 218 5675 reram
233 5621 360 5748 castrus.
375 5620 465 5678 Unum
478 5623 505 5678 id
520 5630 596 5678 certo
606 5621 718 5686 scimus,
735 5623 808 5677 intcr
821 5622 928 5692 regulas
977 5622 1033 5677 lum
1048 5622 1137 5693 (Tem.
1150 5624 1194 5691 lv,
1214 5638 1279 5678 aun.
1300 5624 1353 5679 iiii
1373 5625 1462 5698 seqq.)
1480 5641 1561 5682 nemo
1579 5629 1700 5698 ignorat:
1715 5625 1771 5682 Ca·

63 5761 66 5768 ⁴
126 5692 273 5760 memora
299 5696 473 5750 taruanorum
486 5692 581 5762 tiginti
600 5690 691 5762 capita
706 5688 765 5759 elus
786 5692 927 5748 constituti
978 5693 1066 5748 rotata
1081 5692 1180 5765 quippe
1200 5694 1341 5764 promissis
1364 5710 1419 5750 non
1438 5695 1547 5752 stetisse
1559 5712 1679 5769 unquam
1692 5694 1770 5767 ejus·

128 5761 347 5830 brinombcuttt
356 5778 507 5838 occupasse
528 5763 557 5821 in
569 5777 675 5824 mucre
696 5776 745 5819 seu
768 5761 928 5821 retectione
978 5763 1051 5821 ntodi
1072 5772 1132 5826 arte
1153 5764 1357 5829 demonstravit.
1371 5765 1438 5823 Catu
1451 5781 1517 5825 rem
1530 5782 1611 5842 qoetn
1624 5767 1675 5827 sibi
1686 5766 1775 5839 enen,
