4050 6192
172 259 226 318 sos
243 260 320 317 coo.
333 255 612 319 uren-nonum,
631 255 720 319 arc,
735 255 800 313 sen
812 255 889 311 999.
901 254 1276 312 919919999-999-
1287 257 1372 316 mss.
1390 259 1435 315 99
1451 260 1526 316 err.
1542 259 1727 322 99991999.
1747 267 1800 328 ost

175 381 211 438 cti
229 393 296 434 sero
312 376 340 431 in
363 376 445 430 certis
457 374 565 430 casibus
579 379 688 441 possent
703 372 801 442 deponi
822 386 872 440 per
893 387 958 441 apo
973 386 994 443 q
1010 379 1052 426 ter
1067 371 1219 441 exemplum
1241 374 1356 428 aliarum
1381 373 1559 432 eeclesiarum
1578 393 1681 436 morem
1705 396 1800 452 geren-

174 451 299 508 stolicam
317 446 417 509 9991919,
441 445 482 499 991
507 443 622 511 denique
647 458 693 496 res
720 442 747 496 in
770 440 957 510 Langobardia
1010 441 1522 512 11999919911999999999919911999.

174 520 336 577 constitutus
358 515 488 570 vicariam
514 512 620 583 imperii
638 519 797 581 potestatem
820 520 960 568 exerceret
1043 509 1109 565 111.
1129 510 1195 566 Cum
1213 510 1425 584 Rudolpbuscst
1438 513 1540 569 electus
1553 532 1600 571 rex
1616 518 1799 574 Romanorum

174 593 202 647 in
228 586 337 650 Tuscia,
366 584 480 654 imperio
505 589 626 637 racarrte.
662 602 672 633 ι
696 579 870 649 imperatoria
895 598 959 639 vero
1008 595 1079 636 auno
1094 579 1170 642 1115.
1188 581 1410 652 isaratquartus
1428 590 1456 638 et
1471 586 1684 656 septuagesimus
1704 588 1803 644 abele·

174 650 312 729 majestas,
335 670 416 724 quam
430 655 484 710 Leo
494 652 528 707 ili
543 652 712 717 instituerat,
727 659 756 705 ut
774 650 896 706 subditos
907 653 957 709 sibi
1009 649 1099 706 ctione
1110 649 1240 707 Frideriei
1253 653 1283 714 11,
1297 668 1377 722 quem
1394 653 1520 707 biennem
1530 671 1590 711 esse
1603 655 1717 712 electum
1738 673 1803 713 con·

173 724 288 799 populos
312 726 339 780 in
358 723 446 780 allicio
464 722 631 786 contineret,
660 735 793 790 supremae
806 735 862 775 sure
885 733 961 790 pote·
1009 720 1239 786 919199991196,
1257 720 1691 805 99199919911999199119911999
1709 724 1802 796 super·

18 773 21 784 Ι
96 837 102 847 -
174 799 261 861 statis,
290 796 324 850 ad
338 794 496 864 temporalia
519 791 590 862 quod
608 791 713 855 attinet,
734 789 896 859 imperatore
913 809 961 862 per
1009 790 1083 844 stite.
1103 790 1268 847 lndeautem
1283 808 1330 862 qur
1348 792 1480 862 ejusmodi
1492 809 1603 862 precum
1614 796 1803 866 originemdu-

173 865 378 925 coronationem
405 863 477 919 laeto
504 861 644 932 participe,
679 861 869 915 auctoritatem
882 860 961 932 longe
1010 859 1125 914 cendam
1148 875 1208 916 esse
1226 869 1366 926 censeret,
1380 872 1485 917 erraret
1502 872 1557 918 tota
1575 865 1639 931 ria;
1661 881 1715 921 non
1730 867 1803 921 enim

174 938 307 1008 iuniorem
332 934 388 1003 regi
421 934 605 989 Romanorum
635 929 775 991 afferebat.
809 943 862 999 quo
887 932 960 988 euim
1009 929 1199 985 Germanicam
1212 946 1339 988 coronant
1351 933 1456 1002 accepit
1477 931 1511 987 ad
1525 935 1634 990 easdem
1650 950 1745 1005 preces
1757 951 1804 991 ne·

174 1006 311 1079 pontilicis
324 1003 472 1074 spiritualis
496 1010 616 1072 potestas
629 999 825 1064 effundebatur,
851 1008 962 1056 eutem-
1011 999 1260 1067 cessariam.Quam
1267 1017 1324 1058 rem
1332 1001 1690 1072 liudolphusipsetestatur:
1704 1006 1803 1069 911999,

174 1077 277 1150 pietalis
298 1074 473 1141 imperatoria
498 1071 599 1127 edundi
613 1070 783 1126 credebatur.
810 1069 877 1124 llinc
896 1071 963 1127 duo-
1012 1069 1157 1138 inquiens,
1181 1070 1209 1125 in
1225 1081 1325 1128 nostras
1342 1071 1540 1128 sublimationis
1556 1074 1805 1144 exordiaquoelibet

176 1165 236 1203 rum
249 1142 424 1201 luminarium
439 1142 571 1212 9991999999
583 1140 698 1196 celebris
713 1138 758 1194 1119
779 1142 960 1208 compararim
1013 1138 1134 1193 Ecclesia
1147 1138 1174 1193 in
1188 1140 1310 1198 Romano
1322 1142 1436 1211 imperio
1449 1144 1597 1198 consituta
1609 1159 1692 1215 snper
1714 1144 1805 1215 prori-

175 1219 239 1273 binc
254 1218 368 1272 duorum
390 1214 528 1270 bominum
548 1211 576 1266 in
600 1219 736 1265 terrarum
758 1210 823 1265 orbe
845 1212 964 1266 auctori·
1013 1209 1090 1263 sione
1109 1209 1190 1266 unius
1207 1224 1330 1280 persons
1355 1211 1490 1282 primitias
1517 1228 1628 1283 precum
1651 1222 1805 1270 nostrarum

175 1298 218 1343 tas
228 1303 284 1342 non
308 1283 392 1339 semel
405 1285 481 1341 bisce
491 1284 518 1338 in
533 1279 655 1352 epistolis
665 1294 825 1343 occurrens3
839 1278 903 1335 binc
914 1281 962 1338 de·
1013 1293 1046 1333 ex
1062 1278 1172 1348 antiqua
1184 1289 1212 1338 et
1228 1284 1376 1351 approbata
1390 1284 1584 1338 consuetudine
1595 1285 1682 1339 sancti
1700 1283 1804 1353 imperii

175 1359 269 1428 nique,
284 1352 460 1423 utRudolpbi
472 1350 644 1416 utaruerbis,
670 1348 755 1405 diuini
777 1348 868 1419 operis
890 1367 964 1407 com-
1015 1348 1158 1404 admittere
1175 1357 1314 1417 tenentum
1334 1372 1343 1403 9
1363 1359 1390 1406 91
1408 1351 1551 1408 dilucidius
1563 1352 1703 1407 9991199991
1724 1354 1807 1409 Caro·

193 1428 341 1483 lamentum
349 1423 383 1480 ab
393 1424 478 1500 288
488 1420 649 1478 unoCbristi
656 1417 965 1490 ricarieperdciendurn.
1016 1418 1103 1473 19911
1125 1433 1196 1475 9999
1210 1420 1278 1475 15511
1296 1422 1324 1475 19
1345 1435 1393 1475 999
1406 1420 1507 1476 charta
1521 1423 1593 1491 aptrd
1617 1422 1806 1492 llarqunrdum

175 1446 290 1568 lleglam
303 1498 402 1567 quippe
423 1509 531 1550 omnem
552 1498 713 1562 potestatem
733 1505 748 1544 a
765 1491 821 1546 ileo
832 1502 892 1546 esse
905 1493 967 1561 quis
1015 1488 1165 1543 Freherunr
1188 1506 1195 1544 r
1223 1509 1233 1542 r
1251 1490 1291 1544 Ειι
1304 1490 1486 1546 coronationis
1499 1501 1600 1547 nostrae
1614 1492 1751 1547 solemniis
1772 1492 1807 1545 ad

177 1568 301 1638 ignorat?
328 1567 404 1622 lianc
433 1579 499 1619 nero
531 1560 698 1630 liudolphus,
729 1560 843 1616 aliorum
871 1576 966 1632 regum
1018 1559 1201 1614 Romanorum
1215 1574 1343 1630 regnum,
1359 1576 1420 1630 qum
1434 1561 1461 1615 in
1476 1562 1554 1617 nobis
1575 1571 1641 1617 nutu
1656 1562 1809 1617 divinodu-

176 1641 273 1702 instar,
288 1639 402 1707 adeptus
424 1633 522 1698 luerat,
553 1630 753 1701 imperatoriam
772 1636 863 1687 autem
882 1632 968 1700 maje-
1019 1628 1082 1683 dunt
1098 1635 1162 1684 sunt
1177 1630 1330 1699 completa,
1350 1630 1377 1684 in
1397 1630 1694 1699 quolibetmonasterio
1716 1631 1744 1685 in
1760 1632 1809 1685 im-

175 1715 285 1771 sulsus,
301 1723 363 1764 cum
376 1704 422 1761 illo
434 1700 603 1760 auctoritatis
615 1701 783 1757 incremento
797 1698 868 1773 quod
886 1705 968 1775 regias
983 1718 1005 1777 fl
1018 1699 1094 1769 perio
1108 1700 1257 1756 constituto
1266 1715 1347 1755 uuam
1362 1708 1466 1755 tantum
1481 1717 1625 1771 personam
1638 1701 1739 1756 virtute
1754 1701 1809 1771 pri·

175 1777 333 1843 accedebat,
355 1776 470 1838 Romani
484 1782 589 1830 tantum
604 1769 739 1854 pontificis
760 1767 892 1829 beneficio
918 1790 967 1843 per
1018 1769 1166 1825 mariarum
1185 1786 1295 1840 precum
1320 1778 1473 1826 nostrarum
1489 1772 1523 1827 ad
1546 1772 1705 1827 beneficium
1725 1771 1809 1826 eccle

176 1847 338 1906 drammatis
347 1845 495 1918 imperialis
516 1841 715 1910 impositionem
737 1857 816 1914 reges
830 1840 967 1900 11999999)-
1017 1838 1155 1894 siasticum
1169 1838 1259 1896 iacere
1279 1841 1413 1912 possimus
1425 1843 1596 1910 promoueri;
1617 1862 1626 1894 n
1645 1858 1677 1896 ae
1694 1842 1810 1910 denique

177 1934 249 1981 mm,
277 1935 326 1975 seu
355 1923 534 1987 imperatores
563 1911 674 1976 electos,
702 1911 785 1968 luisse
816 1923 966 1980 assecutos,
1018 1908 1194 1964 wenceslaus
1222 1925 1294 1966 91199
1319 1910 1388 1966 ibid
1414 1910 1540 1983 delegans
1568 1913 1688 1980 liuperto
1716 1912 1808 1966 conniti

176 1996 271 2043 vetera
287 1992 378 2046 omnia
394 1991 567 2042 monumenta
589 1990 732 2038 testantur.
1017 1979 1136 2060 palatino
1160 1980 1247 2036 1111991
1273 1980 1428 2048 facultatem
1449 1997 1526 2037 suam
1546 1999 1554 2035 ε
1575 2000 1584 2033 r
1610 1981 1807 2046 Correedimns,

211 2057 269 2113 bv.
292 2059 331 2114 Es
353 2061 424 2116 inser
445 2053 594 2134 principem
616 2051 771 2132 sibivlocum
794 2056 866 2112 baud
888 2055 968 2112 dubie
1019 2050 1116 2118 lnquit,
1129 2064 1177 2119 per
1196 2059 1345 2121 presentes
1358 2051 1429 2121 quod
1443 2052 1469 2105 in
1482 2065 1577 2107 ornnes
1590 2051 1733 2121 primarias
1747 2065 1808 2119 pre-

176 2120 968 2194 1199119991191999119999191911999999119199119999
1017 2133 1063 2174 ces
1085 2122 1189 2176 ratione
1208 2129 1308 2178 nostre
1322 2122 1508 2176 'euranstionis
1521 2121 1549 2176 in
1572 2122 1755 2176 Romanorum
1768 2136 1811 2174 re-

176 2198 432 2255 nounullaeaiiunde
449 2203 573 2274 sumptae,
601 2207 661 2261 quar
679 2192 823 2273 occurrent
844 2196 871 2250 iu
883 2197 966 2251 notis.
1017 2203 1088 2313 ffers,
1107 2190 1187 2246 bodie
1207 2189 1333 2246 videlieet
1354 2191 1398 2246 die
1419 2191 1435 2245 ii
1452 2192 1553 2247 mensis
1568 2191 1633 2247 19111
1647 2190 1810 2261 dqrrisgrani

176 2267 401 2339 Quandoquidem
416 2274 443 2323 et
467 2268 584 2334 imperti,
609 2270 637 2316 et
660 2266 808 2330 majestatis
823 2266 968 2335 imperato
1037 2275 1108 2314 rrrrra
1127 2258 1233 2316 latente
1258 2262 1400 2317 clementia
1422 2262 1578 2317 solemniter
1597 2271 1743 2333 susceptae,
1763 2276 1810 2331 per

177 2338 227 2391 rim
248 2355 312 2395 nera
330 2339 434 2395 indoles
445 2349 540 2392 earum
558 2333 719 2413 auctoritate
743 2337 774 2390 lit
797 2351 882 2404 usque
900 2338 968 2392 adeo
1018 2329 1156 2404 civitatem
1167 2338 1194 2386 et
1209 2332 1347 2388 diaecesim
1359 2331 1514 2402 spirensem
1528 2341 1554 2387 et
1572 2331 1809 2394 tt'ornratienseur,

176 2408 303 2472 euidens,
326 2418 357 2464 91
371 2406 593 2465 Germaninomm
612 2403 868 2471 iurisconsultorum
888 2421 968 2462 exeo
1018 2407 1071 2455 elc-
1098 2420 1107 2453 r
1138 2403 1318 2467 Quamobrem
1330 2403 1403 2458 omni
1427 2403 1520 2471 procul
1545 2403 1628 2460 dubio
1645 2400 1811 2457 consuetudo

175 2477 274 2547 gitatin
286 2480 331 2534 ilia
344 2493 439 2534 reeens
451 2474 556 2545 imperii
568 2472 858 2531 Bouiano-Germanici
880 2477 968 2531 uulla—
1018 2470 1082 2534 ista,
1094 2471 1122 2524 in
1132 2470 1209 2540 cujus
1219 2472 1351 2543 originem
1362 2472 1530 2542 inquirimus,
1544 2473 1615 2545 regis
1628 2473 1812 2527 Romanorum

178 2556 259 2604 19999
267 2550 354 2618 aptari
377 2547 461 2619 possit
471 2547 507 2601 im
544 2543 638 2607 ratori,
661 2553 708 2598 991
720 2544 842 2601 Romano
855 2546 969 2615 imperio
1019 2542 1189 2596 coronationi
1205 2541 1374 2598 Germanicae
1397 2542 1811 2598 9999999991.991199199999-

178 2626 242 2672 sate
252 2632 362 2674 auream
383 2617 492 2673 bullam.
529 2615 574 2672 uid
593 2613 791 2672 desubsecutts
802 2616 969 2685 temporibus
1020 2618 1073 2664 tem
1086 2610 1247 2667 Germanica
1260 2627 1360 2669 corona
1388 2621 1501 2669 nonest
1527 2614 1668 2668 redimitus
1686 2620 1750 2667 ante
1764 2628 1812 2666 an-

177 2688 322 2744 dicendum
334 2689 383 2752 sit,
406 2688 539 2755 integrum
553 2697 613 2744 esto
631 2682 707 2739 aliis:
724 2687 758 2740 ad
769 2701 858 2739 meum
870 2687 969 2767 quippe
1020 2681 1174 2760 99911115,
1186 2691 1216 2736 91
1226 2683 1335 2737 tradunt
1346 2690 1472 2738 auctores
1487 2685 1558 2752 apud
1571 2682 1702 2754 liuynald
1720 2681 1810 2750 (1115,

177 2757 334 2829 institutum
347 2774 401 2814 nen
420 2756 537 2827 pertinet
553 2756 587 2812 de
606 2755 712 2822 imperii
734 2754 889 2811 Gemanica
909 2772 967 2811 ura·
1020 2767 1047 2805 n.
1065 2750 1204 2822 5511199
1221 2750 1361 2824 Philippus
1381 2751 1490 2807 ilenriei
1510 2755 1542 2810 vt
1566 2752 1651 2808 irater
1671 2753 1705 2807 ab
1728 2752 1812 2820 impe.-

175 2826 277 2896 iestate
302 2828 445 2884 disserere.
457 2825 572 2895 Pergam
595 2823 678 2899 igitur
691 2825 725 2881 de
747 2824 884 2880 nonnullis
908 2826 969 2881 aliis
1021 2829 1111 2876 ratane
1123 2821 1265 2876 initaliam
1285 2830 1407 2887 vocatus,
1420 2830 1451 2877 ut
1464 2838 1579 2893 puerum
1592 2823 1707 2879 eiectum
1720 2835 1811 2892 regem

177 2897 314 2964 capitibus
322 2897 406 2967 loqui,
420 2911 480 2966 qus
494 2896 521 2949 in
532 2898 625 2952 codice
638 2893 811 2967 Rudolpbino
829 2897 969 2951 continen-
1020 2890 1204 2946 Romanorum
1228 2891 1437 2948 inGerrnaniam
1458 2892 1491 2947 ad
1509 2894 1710 2949 coronationem
1729 2891 1812 2946 addu-

179 2976 233 3020 tur.
254 2967 374 3024 steteras
388 2968 458 3023 inter
472 2966 600 3034 epistolas
614 2976 731 3037 quatuor
745 2974 892 3021 occurrunt
908 2965 967 3036 (lib.
1020 2971 1104 3025 cerel,
1121 2962 1212 3016 audita
1227 2963 1254 3017 in
1273 2963 1370 3018 itinere
1383 2970 1470 3020 morte
1492 2962 1585 3020 lratrls
1600 2978 1671 3018 anno
1689 2959 1767 3024 1197,
1784 2961 1811 3014 19

179 3053 199 3098 ι.
215 3053 262 3108 ep.
277 3039 311 3093 ll
323 3036 413 3108 seqq.)
429 3037 463 3091 de
479 3036 575 3103 primis
586 3040 722 3108 precibus,
734 3037 767 3092 de
784 3035 968 3105 1999119991-
983 3064 1007 3125 C
1021 3029 1194 3104 Germaniam
1204 3040 1248 3088 est
1263 3047 1397 3099 resersus,
1416 3032 1557 3104 laetusque
1574 3034 1683 3089 invasor
1695 3031 1810 3101 imperii,

180 3107 242 3162 licet
258 3108 343 3165 999991
365 3106 520 3163 nominandi
533 3122 676 3177 personam
698 3107 815 3176 aliquam
832 3105 969 3161 adeatbe-
1022 3116 1149 3160 comatam
1168 3101 1219 3157 sibi
1235 3102 1299 3159 lecit
1312 3103 1412 3174 imponi
1426 3102 1578 3176 bioguntiae.
1598 3101 1739 3159 11999199
1750 3116 1812 3156 eum

179 3178 268 3233 straten
282 3178 477 3248 elenbegiatas
498 3178 637 3243 eeclesias,
664 3177 745 3248 quoq,
774 3192 835 3231 cum
863 3176 970 3233 dicatur
1021 3170 1123 3226 electus
1143 3187 1190 3227 rex
1208 3172 1391 3229 Romanorum
1413 3172 1477 3229 Otto
1501 3175 1555 3238 19,
1582 3173 1692 3228 11999191
1714 3171 1813 3225 Leonis

179 3249 292 3318 antiqua
313 3255 341 3303 et
363 3248 477 3318 probata
499 3248 694 3304 consuetudine
710 3246 919 3315 imperatoribus
942 3255 971 3300 et
1021 3240 1141 3296 11999919
1154 3249 1182 3297 91
1195 3242 1319 3299 Saronirn
1333 3243 1410 3299 919919
1422 3244 1512 3304 lilius.
1532 3243 1695 3314 dquisgrani
1707 3249 1749 3297 est
1764 3256 1813 3296 co-

180 3320 290 3386 regibus
314 3324 477 3388 competere,
505 3315 632 3387 stulteque
655 3317 809 3388 spostolicae
825 3316 898 3371 sedis
914 3316 970 3386 pri·
1021 3319 1148 3375 renatum
1164 3321 1274 3382 tumque
1288 3314 1369 3382 empit
1386 3329 1512 3383 magnum
1526 3314 1553 3368 id
1568 3313 1706 3384 negotium
1727 3311 1813 3379 impe-

180 3388 278 3457 ritegto
299 3387 440 3451 1911999991,
455 3401 509 3440 non
529 3402 626 3457 pamm
648 3387 748 3469 negotii
760 3386 910 3442 canonialis
929 3385 971 3439 la·
1020 3380 1064 3442 rii,
1075 3383 1147 3451 quod
1168 3382 1248 3437 duem
1270 3384 1364 3438 babuit
1387 3385 1557 3448 99991999,
1575 3399 1637 3439 eum
1662 3383 1732 3438 idem
1748 3380 1813 3436 Otto

179 3459 273 3512 cessit.
303 3457 490 3529 Quamobrem
519 3473 610 3528 opem
629 3467 747 3528 pretinm
765 3457 888 3511 tacturus
910 3470 970 3511 ense
1021 3451 1056 3505 ab
1068 3450 1225 3508 Innocentio
1234 3451 1269 3508 111
1281 3453 1386 3521 imperii
1400 3469 1529 3510 eoronam
1636 3451 1770 3514 obtinuit;
1784 3458 1813 3504 ut
1917 3514 1919 3518 ἲ

180 3528 247 3582 inibi
263 3530 364 3591 videor,
392 3527 416 3581 si
442 3526 586 3596 originem,
606 3535 786 3596 naturamque
796 3525 892 3581 barum
908 3540 970 3596 pre-
1021 3520 1112 3576 uidere
1122 3528 1164 3576 est
1174 3523 1245 3591 apud
1255 3522 1393 3577 baluzium
1407 3523 1541 3594 (199991
1578 3562 1585 3575 .
1623 3531 1701 3594 epesi.
1716 3521 1810 3584 tomi,

180 3613 245 3651 curn
262 3599 493 3657 demonstravero.
511 3597 550 3651 De
569 3597 673 3668 origine
686 3596 838 3652 obscuritas
860 3611 967 3667 magna,
1020 3603 1047 3658 p·
1062 3589 1114 3646 681
1127 3591 1226 3662 seqq).
1237 3591 1364 3659 Quarere
1376 3595 1620 3665 autemprimarum
1635 3607 1745 3663 9999999
1759 3590 1814 3645 991-

181 3684 223 3719 trra
263 3673 390 3742 aubique
403 3666 473 3735 apud
485 3666 630 3736 scriptores
649 3667 804 3722 allucinatio
824 3667 967 3735 reperitur.
1020 3659 1110 3729 ginem
1131 3661 1274 3717 discordiae
1289 3661 1368 3731 liujus
1386 3671 1521 3734 tempore,
1537 3664 1580 3717 991
1605 3663 1663 3733 ipss
1683 3662 1715 3716 ιἰι
1731 3676 1811 3716 coro-

182 3737 221 3790 19
242 3752 277 3791 aa
297 3754 403 3811 qnoque
415 3736 593 3790 sectariorum
606 3736 776 3792 mendacium
802 3751 855 3792 noo
879 3737 968 3800 deest;
1021 3729 1130 3785 natione
1150 3730 1670 3803 1911999111,919909911199999199
1686 3731 1812 3796 modera-

181 3805 262 3875 qaale
277 3821 319 3866 esc
337 3808 400 3865 iilud
415 3804 537 3860 Vitriarii
553 3807 591 3876 (l.
609 3805 678 3864 Pul.
699 3806 746 3860 lib.
761 3822 802 3868 ιιι,
816 3815 882 3861 tom.
896 3805 926 3869 ti,
940 3822 967 3861 n.
1020 3800 1102 3855 batur
1118 3801 1279 3871 imperium,
1302 3816 1353 3857 nec
1366 3803 1417 3857 nisi
1437 3810 1498 3874 post
1510 3802 1655 3856 trienninm
1667 3799 1811 3861 decedens,

182 3879 210 3936 91
238 3881 282 3934 cui
306 3882 426 3936 aribaeret
444 3873 608 3945 Cotrringius
629 3875 695 3946 (not.
717 3876 753 3929 ud
773 3875 843 3930 111111.
874 3874 968 3930 lones.
1021 3868 1041 3923 l'
1044 3869 1160 3926 riderico
1177 3871 1247 3925 viam
1266 3870 1300 3926 ad
1313 3872 1454 3942 imperium
1475 3872 1595 3946 aperuit,
1616 3877 1689 3926 esset
1705 3869 1813 3923 inanem

184 3946 231 4016 X).
246 3947 391 4005 Contendit
402 3943 529 4000 nimirum
545 3964 555 3996 r
569 3947 622 4001 boc
637 3946 683 4016 jus
702 3960 763 4002 esse
783 3943 842 4014 ejus
852 3946 968 4015 generis,
1020 3942 1242 4008 opemqaludere.

182 4016 264 4085 quale
297 4020 373 4084 iliud,
403 4012 475 4138 :lum
499 4016 525 4069 vi
548 4016 733 4072 coronationis
758 4016 904 4087 imperator
924 4015 972 4069 1191
1058 4006 1812 4081 1111.Εοᾳ99191ιιι9119,999919999991919199191999

183 4087 253 4155 1991
319 4091 346 4144 91
361 4088 406 4158 qui
426 4097 469 4139 em
479 4085 705 4141 canonieuscolle
725 4086 856 4140 lisanctae
868 4084 968 4148 llariae,
1021 4081 1200 4151 praescierunt
1214 4081 1381 4151 gratiarum,
1401 4094 1470 4150 quas
1487 4088 1586 4135 vocant
1602 4079 1810 4148 exspectantis.

183 4165 210 4209 91
225 4173 274 4213 ecc
285 4161 348 4216 esim
373 4151 482 4224 maioris
507 4153 694 4220 Coloniensis;
736 4171 805 4210 omae
820 4169 885 4209 roro
915 4155 972 4210 col·
1021 4152 1142 4217 Quarum
1163 4151 1225 4207 licet
1237 4150 1390 4206 rudimenta
1402 4150 1534 4216 cmpennt
1553 4149 1673 4205 1191ιὶ999
1688 4147 1812 4219 liquem

183 4226 247 4295 legii
260 4228 315 4285 divi
338 4227 421 4284 Petri.
449 4221 519 4293 Qus
532 4224 625 4280 itidem
649 4224 809 4296 papishaud
829 4225 970 4290 debentur,
1022 4222 1122 4291 passim
1142 4229 1279 4278 auctorem
1292 4219 1448 4275 earumdem
1461 4218 1565 4275 laeiuat
1582 4217 1760 4292 (litomeasio.
1780 4219 1813 4271 de

184 4296 232 4352 sed
252 4301 341 4368 potius
359 4307 454 4354 tenues
464 4302 528 4353 sunt
553 4295 674 4366 reliquiae
686 4295 790 4366 antiqui
799 4291 871 4363 juris
884 4295 972 4351 Cassa·
1022 4291 1087 4346 disc.
1105 4308 1136 4356 n,
1150 4294 1175 4357 1,
1187 4305 1212 4347 9.
1231 4291 1276 4354 ib,
1291 4307 1319 4344 ιι.
1332 4289 1372 4361 9),
1386 4299 1541 4345 nontamen
1551 4304 1617 4346 usus
1630 4289 1667 4342 ita
1682 4288 1811 4350 invaluit3

184 4367 328 4430 99191199
356 4367 527 4424 collationem
551 4365 766 4488 episcopatuum,
790 4364 970 4426 abbatiarum,
1024 4363 1184 4417 9119191991
1205 4375 1346 4418 successor
1367 4358 1571 4415 119999999111
1598 4357 1757 4413 99991119
1785 4357 1813 4411 19

184 4436 353 4508 aliommqac
373 4437 567 4494 beneficiorum
593 4451 640 4491 ecc
649 4435 847 4491 esiastlcorum.
874 4455 883 4488 r
905 4436 972 4502 Quae
987 4408 1100 4488 Dcartre.
1114 4431 1290 4488 Lateranensi
1311 4428 1344 4484 111
1357 4429 1486 4486 beneficia
1506 4429 1627 4500 pmmitti
1649 4443 1703 4483 non
1718 4435 1813 4483 vetue-

183 4506 352 4577 rigilantium
373 4508 478 4563 somnia
501 4505 568 4560 satis
597 4519 730 4575 superque
746 4505 902 4572 9919991991,
927 4507 973 4560 ba·
1022 4501 1173 4574 ritibabbe
1191 4501 1271 4558 Coae.
1289 4511 1355 4555 tom.
1376 4498 1415 4560 x,
1432 4515 1459 4569 p.
1476 4498 1813 4565 15191919199991999199

185 4593 245 4631 rum
268 4592 380 4649 precum
402 4578 535 4648 originem
551 4590 663 4644 prorsus
688 4576 808 4645 ignotam
821 4576 862 4631 eis
877 4574 970 4631 luisse.
1022 4572 1080 4654 ipsa
1094 4587 1155 4627 can.
1167 4571 1194 4635 8,
1208 4571 1367 4627 meumenici
1388 4569 1447 4638 eius
1460 4570 1586 4625 concilii:
1605 4587 1615 4619 r
1632 4568 1709 4623 Nulla
1727 4566 1813 4623 eccle-

184 4645 311 4704 lenias
331 4645 418 4715 maior
439 4643 511 4700 band
527 4646 646 4700 occurrit
671 4645 742 4714 apud
761 4645 884 4701 canonici
902 4644 973 4713 juris
1023 4642 1132 4698 99991199
1146 4641 1306 4705 ministeria,
1318 4656 1365 4697 seu
1380 4640 1462 4696 etiam
1474 4637 1614 4704 beneficia,
1628 4637 1670 4692 rel
1679 4637 1811 4703 ecclesie,

184 4716 296 4800 peritos.
321 4718 505 4842 ξιιι9ῑὲιὲ9ῑ9ι
515 4714 846 4840 19199919319]Τιι1ἱ99999ῗ91999
857 4714 973 4837 (11991119-
1023 4711 1103 4836 alieni
1121 4712 1284 4837 9113999ὲὲ9,
1309 4726 1355 4767 seu
1372 4709 1581 4793 proroittantur,
1607 4717 1811 4833 9919993999-

184 4785 302 4912 1911
323 4802 402 4928 ,11
427 4785 665 4978 91119191
682 4786 756 4909 111
779 4788 975 4911 'triariis
1023 4797 1142 4922 titud
1155 4797 1243 4907 dt.
1254 4787 1814 4906 {interestmissione

184 4925 219 4979 ad
238 4927 364 4982 abbatem
385 4926 597 4997 ilrspergensem
626 4925 759 4979 ormulam
783 4923 861 4979 911991
871 4940 905 4980 cx
919 4924 974 4978 119-
1023 4938 1094 4978 rum.
1113 4943 1122 4975 ι
1140 4921 1199 4989 Quo
1208 4920 1356 4990 respiciens
1368 4919 1540 4974 Innocentius
1549 4918 1582 4978 111
1601 4919 1681 4973 191199
1691 4917 1812 4986 discipli*

184 4994 275 5064 dolpbi
292 4996 389 5051 litteris
397 4997 529 5066 pentoma
560 4995 670 5050 tametsi
691 5002 787 5049 neuter
808 5009 904 5063 puram
925 5009 974 5064 pu·
1023 5008 1086 5047 nam
1105 4993 1186 5048 istam
1209 4991 1342 5055 asseruit,
1363 4997 1393 5043 ut
1407 4988 1499 5043 9191999
1518 4996 1561 5042 991
1584 4988 1613 5042 in
1634 4986 1692 5054 ejus
1707 4993 1812 5056 regesto

185 5073 293 5134 umque
317 5066 437 5130 exbibet,
467 5065 575 5134 qualem
592 5065 705 5136 legimus
728 5065 756 5119 in
770 5063 878 5119 litteris.
903 5063 973 5129 eura
1023 5063 1094 5131 apud
1111 5060 1259 5117 baluzium.
1282 5058 1340 5115 Una
1357 5075 1390 5114 ex
1406 5057 1529 5129 pluribus
1543 5057 1663 5126 epistolis
1674 5057 1812 5127 pertinens

184 5148 247 5189 vero
276 5143 340 5190 utor
364 5135 476 5189 remotis
498 5135 573 5189 bisce
602 5134 785 5205 argumentis?
816 5134 902 5188 1199191
923 5133 974 5188 bus
1023 5134 1057 5186 ad
1078 5145 1177 5186 annum
1204 5130 1271 5184 1111
1295 5128 1400 5198 (innoc.
1429 5126 1477 5181 111
1493 5125 1544 5198 Ep.
1570 5128 1663 5194 1919,
1688 5140 1731 5206 cp.
1749 5123 1809 5191 idi,

184 5205 309 5275 episeopo
321 5214 349 5259 et
368 5205 459 5260 abbati
478 5204 671 5280 2899919999
691 5220 737 5259 eas
753 5219 849 5274 preces
873 5149 972 5269 ollem
1025 5212 1090 5257 tom.
1101 5202 1122 5267 1,
1136 5217 1163 5272 p.
1181 5197 1557 5272 58819911199199999919991
1574 5193 1637 5251 «nd
1646 5194 1810 5251 audientiam

184 5276 309 5329 renuenti
329 5276 456 5345 episeopo
481 5289 529 5329 eas
555 5273 707 5338 admittere,
732 5273 886 5331 inconsulto
907 5289 975 5344 pon-
1023 5280 1145 5329 nostram
1164 5270 1241 5326 robis
1257 5267 1446 5324 intimantibus
1467 5273 1509 5322 est
1531 5266 1667 5326 delatum,
1687 5263 1757 5334 quod
1777 5264 1810 5317 ad

185 5345 274 5409 tillee;
301 5364 312 5397 9
339 5344 528 5400 Necessarium
544 5358 613 5408 esse,
633 5344 731 5426 inquit,
754 5361 808 5400 non
828 5344 972 5408 credimus,
1023 5339 1168 5398 multorum
1183 5338 1338 5395 instantiam
1353 5339 1533 5408 importunam
1544 5338 1577 5391 de
1587 5350 1641 5391 non
1652 5334 1811 5390 necantibus

184 5415 256 5483 qtrod
276 5415 310 5470 ad
335 5415 517 5484 receptionem
543 5422 572 5469 et
601 5415 781 5484 provisionem
797 5415 881 5484 ipsius
900 5413 933 5467 N.
946 5415 973 5469 in
1023 5412 1162 5470 9999119119
1174 5409 1367 5481 promissiones
1381 5408 1478 5531 saepius
1497 5405 1586 5461 lacere
1598 5420 1645 5460 ros
1666 5403 1809 5474 contingit.

186 5493 230 5539 tua
262 5484 383 5540 Ecclesia
405 5485 554 5540 auctoritas
581 5484 728 5553 apostolica
752 5486 921 5553 requiescum
962 5502 971 5535 r
1025 5482 1100 5539 Unde
1114 5482 1190 5536 nobis
1204 5479 1342 5535 humiliter
1353 5494 1419 5548 supp
1431 5477 1530 5538 icastis,
1544 5484 1574 5530 nt
1586 5475 1661 5530 robis
1675 5489 1757 5545 snper
1769 5473 1811 5529 bis

185 5555 276 5609 abbati
289 5563 379 5612 autem
398 5562 549 5620 succenset,
583 5556 654 5623 quod
684 5577 693 5605 9
718 5557 818 5610 nostris
840 5554 975 5609 mandatis
1025 5554 1199 5624 dignaremur
1213 5549 1426 5604 misericorditer
1442 5546 1594 5618 providere.
1613 5545 1740 5600 Veientes
1763 5545 1811 5615 igi·

186 5633 214 5679 91
229 5625 355 5694 precibus
384 5624 553 5694 parvipensis
587 5643 597 5676 r
626 5625 754 5680 clericum
783 5625 914 5681 noluisset
928 5624 975 5678 ad·
1026 5631 1069 5678 tur
1089 5630 1187 5678 restrae
1208 5620 1342 5675 devotioni
1370 5631 1452 5686 super
1480 5613 1631 5697 hujusmodi
1656 5617 1812 5683 gravamine

188 5696 306 5752 mittere.
328 5694 423 5752 1199191
436 5704 528 5752 tamen
540 5695 672 5752 rationem
683 5696 762 5760 ubam
776 5696 891 5763 adducit,
902 5710 973 5767 9999-
1022 5707 1186 5764 precarem,
1205 5707 1238 5747 ac
1260 5688 1442 5753 attendentes,
1457 5685 1528 5756 quod
1553 5687 1580 5744 td
1597 5695 1691 5743 contra
1709 5693 1810 5743 statuta
