4050 6192
163 331 218 390 tiis
667 327 754 382 trani
773 327 942 385 candum.
959 359 996 372 -
1014 323 1279 383 PROLEGOMEM.
1742 321 1803 378 ala·

161 439 338 510 ninceptione
357 436 483 492 ineffabili
496 434 637 490 natiritate
650 436 720 490 Dens
730 450 810 491 verus
823 435 956 506 processit
970 446 992 498 Α
1006 435 1145 506 antiquins
1161 436 1219 505 ipse
1235 436 1338 498 babuit.
1357 450 1437 504 quani
1456 433 1491 489 ad
1504 433 1683 490 universalem
1701 425 1804 506 origem

162 522 189 568 et
202 518 334 566 natusest
347 508 455 562 bomoi
470 506 533 560 ilinc
545 521 606 560 curn
619 504 676 573 ipse
687 505 785 570 tradat,
793 520 957 560 omnemex-
1006 504 1069 560 dam
1088 505 1219 577 synodum
1233 521 1266 561 cs
1279 506 1362 560 totius
1374 504 1553 560 Occidentalis
1570 505 1645 560 orbis
1655 505 1799 628 misceres,

160 580 245 637 cludit
268 582 295 635 in
315 577 384 632 Filio
402 576 450 630 liei
471 574 618 629 secundani
641 589 751 628 carnem
773 574 954 643 adoptionem,
1005 589 1115 643 operam
1128 576 1202 640 darc,
1214 576 1324 631 crebros
1342 591 1374 630 ea
1387 575 1420 630 de
1432 591 1513 630 eausa
1539 574 1572 630 ad
1586 573 1733 630 Adrianum
1770 589 1801 629 o-

160 666 224 706 cuin
245 664 301 705 nun
340 662 383 702 am
405 646 488 700 luerit
511 642 638 699 sincllso
656 644 737 698 bomo
748 643 795 714 qui
819 644 846 698 in
871 644 957 698 lilium
1005 659 1115 699 inanum
1127 643 1800 715 pontillcemlegatosmittcns‚exploraturusey'us

161 719 304 790 potuerita
340 716 421 785 ptari.
1005 715 1167 770 sententiam
1187 713 1305 784 quidde
1327 714 1464 784 proposita
1506 713 1707 785 calilipandum
1727 729 1802 785 qure-

196 789 243 844 lll.
259 785 417 841 Tertimaaia
428 782 557 852 lidefaiiri’
568 791 661 836 eontra
672 797 773 836 errares
784 779 957 852 Elimiam.-
1005 785 1094 839 stione
1111 784 1233 839 sentiret.
1254 783 1338 850 Quiale
1350 784 1421 840 enim
1441 786 1468 839 iii
1481 730 1524 841 fis
1541 783 1701 855 peragendis
1720 782 1802 838 luerit

162 856 277 914 lassent
292 853 399 926 quidem
417 855 469 909 ista
487 851 610 907 subicere
621 852 655 905 ad
668 867 716 905 coa
768 849 867 906 endum
883 852 957 906 calu·
1005 853 1093 907 Caroli
1108 853 1195 923 llagni
1209 853 1443 924 uigilantissimum
1463 854 1592 919 studium,
1611 869 1626 908 a
1640 853 1715 909 nullo
1734 853 1799 908 ude»

162 931 253 991 mnia),
266 928 338 981 sicut
356 931 383 979 et
402 923 558 991 impietatis,
578 919 709 991 pertidum
745 919 892 990 lipandum‚
909 921 956 975 sed
1007 921 1164 989 lindissae,
1186 938 1267 993 qaam
1290 923 1427 993 exipsius
1451 922 1664 996 adEiipandum
1688 922 1801 979 redditis

162 999 218 1054 lieo
269 993 345 1051 endte
366 1000 429 1049 sunt
448 992 549 1061 gratim,
564 990 665 1059 licique
680 991 759 1044 matri
778 989 957 1045 sanctissima
1006 991 1104 1047 litteris
1116 1006 1319 1062 cognoscemus,
1334 993 1361 1047 in
1377 993 1475 1062 quibus
1489 994 1546 1049 lucc
1561 994 1632 1048 inter
1647 992 1699 1048 alia
1714 993 1747 1046 de
1758 992 1801 1047 his

162 1068 279 1136 Virgini,
291 1063 363 1133 quod
377 1060 501 1116 laudator
514 1059 572 1129 ejus
586 1057 734 1115 lldelonsus
746 1057 855 1114 disertis
865 1060 956 1114 verbis
1006 1062 1161 1131 leguntur:
1192 1061 1265 1116 «Ad
1298 1062 1480 1132 impletionem
1510 1078 1575 1119 rero
1592 1061 1674 1133 bajus
1698 1061 1799 1132 gaudii,

162 1151 236 1206 sape
254 1134 367 1189 interius
390 1146 498 1187 omnem
521 1144 632 1200 prorsus
658 1129 686 1184 in
700 1128 768 1184 lilio
781 1128 829 1182 liei
848 1128 957 1183 cbristo
1006 1144 1102 1203 nempe
1126 1133 1315 1188 haereticorum
1331 1132 1529 1198 conversionis,
1544 1132 1663 1188 iiateina
1688 1139 1802 1254 cogente

161 1205 227 1260 lasa
247 1202 366 1259 exerunt
381 1200 563 1270 adoptionem,
580 1199 626 1253 ubi
645 1199 671 1253 in
685 1197 779 1253 eadem
796 1199 957 1253 tractatione
1005 1201 1149 1266 charitate,
1169 1200 1301 1271 jussimus
1322 1211 1477 1258 sanctorum
1493 1201 1603 1257 Patrum
1620 1201 1747 1285 synadae
1767 1216 1800 1256 ea

163 1276 216 1331 ista
226 1272 364 1343 subjungit
376 1289 383 1324 :
395 1289 404 1322 r
414 1269 453 1326 ilc
464 1285 514 1340 per
524 1268 576 1324 hoc
588 1268 649 1323 talis
660 1277 753 1338 partus
762 1283 816 1323 non
830 1275 871 1321 est
882 1283 956 1322 coai-
1005 1271 1132 1326 omnibus
1146 1270 1264 1341 undiquc
1285 1280 1385 1327 nostre
1405 1271 1515 1326 ditionis
1534 1272 1663 1327 Ecclesiis
1689 1285 1800 1353 congie-

163 1343 254 1399 mrmis
271 1343 280 1396 l
315 1341 322 1354 ⁶
342 1350 454 1403 nature.
472 1340 520 1395 sed
536 1341 608 1394 elcut
625 1337 784 1393 mirabiliter
798 1344 953 1405 oonceplua.
1056 1340 1232 1405 'concilium
1244 1349 1378 1409 quatenus
1391 1349 1484 1395 sancta
1495 1342 1617 1396 omnium
1637 1341 1801 1395 unanimitas

163 1415 202 1471 ita
213 1410 375 1469 mirabiliter
387 1411 459 1467 neas
471 1418 498 1466 et
509 1410 590 1463 bomo
608 1416 697 1462 natas.
718 1407 789 1477 Ergo
800 1421 855 1460 non
869 1406 954 1488 illuni,
1006 1353 1120 1464 ffinmiter
1131 1406 1289 1465 decerneret
1302 1410 1367 1479 quid
1378 1409 1542 1466 credendum
1558 1411 1595 1464 sit
1609 1408 1643 1466 de
1656 1409 1802 1479 adoptione

163 1493 195 1539 nt
207 1491 320 1539 caeteros
332 1481 401 1536 lilios
414 1480 461 1534 bel
481 1477 590 1548 adoptio
607 1477 670 1532 terii
690 1476 784 1542 bliuni,
801 1475 848 1531 sed
859 1474 957 1531 divini·
1006 1479 1097 1533 carnis
1114 1478 1233 1542 Christi,
1254 1493 1335 1547 quani
1353 1494 1439 1549 nuper
1457 1481 1534 1535 noris
1552 1479 1749 1537 assertionibus
1774 1489 1801 1536 et

163 1554 230 1609 tatis
247 1560 343 1608 natnra
365 1551 440 1605 illum
459 1551 486 1604 in
498 1547 636 1618 proprium
650 1547 698 1602 lici
709 1545 805 1600 Filiam
817 1543 955 1610 exaltarit,
1006 1556 1107 1604 sanctae
1121 1546 1168 1602 Ilei
1181 1548 1340 1603 unirersalis
1354 1548 1483 1605 Ecclesiae
1499 1549 1617 1618 antiquis
1636 1546 1801 1618 temporibus

162 1623 274 1678 donarit
291 1629 320 1676 et
339 1620 378 1675 illi
390 1634 488 1675 nornen
501 1618 572 1687 quod
590 1624 632 1670 est
650 1631 730 1686 super
747 1629 829 1671 omne
846 1628 955 1680 nomen,
1007 1616 1136 1672 inauditis
1154 1631 1203 1673 ros
1231 1632 1265 1672 ex
1288 1619 1388 1674 restris
1406 1619 1514 1688 scriptis
1532 1618 1656 1674 intulisse
1674 1617 1804 1686 cognori-

163 1702 194 1748 ιιι
205 1699 277 1747 esset
289 1698 362 1747 totus
374 1690 421 1744 liei
433 1687 518 1743 Filius
530 1688 611 1742 bomo
624 1695 651 1740 et
662 1686 796 1750 Verbum;
811 1685 875 1753 quia
886 1698 958 1738 nun·
1007 1701 1080 1743 mus.
1094 1687 1152 1741 lmo
1164 1685 1238 1740 etad
1250 1687 1437 1744 beatissimum
1454 1688 1609 1759 apostolicae
1627 1687 1701 1744 sedis
1711 1686 1803 1768 ponti-

258 1774 311 1816 uon
325 1758 523 1815 niibeiriiius
532 1758 720 1826 sempitemus,
732 1762 871 1825 permanet
884 1753 955 1807 unici
972 1755 1086 1846 Bbeem
1105 1755 1139 1812 de
1150 1757 1201 1811 bac
1215 1772 1285 1811 nora
1305 1758 1459 1812 inventione
1476 1765 1576 1813 nostrae
1590 1757 1742 1814 devotionis
1760 1764 1802 1810 ter

187 1831 301 1887 enitaris
319 1829 483 1900 unigenitus.
506 1828 565 1881 »Et
580 1834 641 1896 post
659 1822 787 1879 nonnulla
800 1824 894 1879 eodem
912 1837 957 1876 ar·
1006 1834 1158 1896 quaterque
1173 1825 1321 1882 direximus
1337 1828 1445 1893 missos,
1467 1828 1570 1884 beatos
1592 1828 1706 1891 scilicet,
1730 1825 1802 1881 scire

201 1908 292 1956 meato
317 1899 520 1955 accuratissime
542 1895 689 1965 disputata,
714 1893 772 1948 lice
793 1892 903 1961 subjicit
922 1907 956 1946 ex
1006 1896 1147 1966 cupientes
1163 1895 1228 1978 quid
1245 1904 1337 1953 sancta
1357 1897 1478 1952 Romana
1493 1884 1629 1964 Ecclesia,
1646 1895 1801 1968 apostolicis

188 2010 195 2023 .
208 1969 331 2039 Gregorii
344 1984 420 2038 papae
433 1967 593 2022 auctoritate
608 1983 615 2018 ε
632 1984 642 2015 r
656 1964 789 2031 Quoniam
808 1964 879 2018 sicut
898 1962 956 2032 ipse
1005 1965 1100 2022 edocta
1114 1964 1312 2032 traditionibus,
1326 1966 1360 2022 de
1372 1966 1423 2023 hac
1435 1967 1598 2036 respondere
1615 1967 1744 2023 noluisset
1759 1966 1802 2020 iii-

162 2040 202 2094 ait
226 2040 254 2094 in
277 2037 378 2096 eisdem
403 2037 558 2101 domabas,
585 2033 657 2089 alind
680 2042 720 2090 cst
738 2041 816 2088 natos
833 2032 956 2087 homines
1005 2035 1161 2106 quisitione.
1181 2034 1290 2092 Necnon
1305 2035 1377 2092 etde
1391 2035 1537 2092 Britanniae
1555 2038 1677 2108 partibus
1695 2037 1805 2105 aliquos

163 2110 279 2179 gratiam
294 2107 446 2177 adoptionis
461 2121 511 2188 per
529 2120 589 2160 cani
605 2104 743 2173 accipere;
760 2102 832 2158 aliud
847 2108 889 2157 est
901 2102 956 2157 siri·
1006 2105 1195 2161 ecclesiastieae
1210 2104 1359 2188 disciplinae
1381 2107 1454 2162 viros
1475 2108 1694 2170 couroearimus.
1719 2113 1748 2160 ut
1767 2118 1802 2159 ex

162 2179 294 2248 grilariter
315 2193 365 2248 per
385 2176 535 2232 divinitatis
557 2175 705 2244 potentiam
730 2173 815 2227 beum
840 2187 873 2227 eii
897 2172 956 2242 ipso
1006 2175 1153 2231 multanim
1169 2174 1290 2247 diligenti
1309 2175 1525 2259 consideragione
1540 2177 1640 2233 veritas
1658 2174 1802 2232 catholica

162 2257 296 2318 concepta
315 2246 456 2318 prodiisse.
473 2245 535 2300 illc
544 2252 609 2328 post
629 2242 766 2306 nonnulla,
788 2239 852 2297 dum
865 2249 958 2296 tuetur
1006 2244 1068 2300 lidei
1082 2245 1299 2314 investigaretur,
1313 2254 1342 2301 ct
1352 2247 1550 2328 probatissimis
1572 2256 1729 2303 sanctorum
1750 2244 1804 2300 Pa·

163 2318 234 2373 sicat
254 2319 283 2372 in
297 2318 479 2385 conceptione,
494 2315 531 2369 ita
543 2331 571 2369 in
583 2320 662 2383 partu
676 2314 776 2367 nnllam
789 2316 958 2391 contraxisse
1008 2323 1079 2368 trum
1091 2314 1154 2369 liinc
1166 2313 1228 2369 inde
1243 2316 1362 2371 roborati
1377 2317 1540 2373 testimoniis
1556 2318 1659 2385 absque
1678 2316 1733 2370 ulla
1753 2314 1803 2369 du·

164 2386 277 2442 llariana
297 2387 428 2457 uirginem
449 2385 659 2455 corruptionem,
679 2384 729 2437 ista
749 2397 810 2437 ninii
831 2381 955 2449 subyicit:
1006 2384 1137 2439 bitatione
1147 2391 1280 2440 teneatur.
1298 2404 1307 2437 i
1323 2386 1356 2440 Et
1368 2386 1490 2450 inlerius,
1503 2395 1613 2442 roratas
1625 2385 1658 2441 ad
1670 2382 1803 2457 synodum

166 2454 319 2525 abboquin
338 2459 361 2512 si
379 2455 437 2526 ipse
461 2470 496 2510 er
517 2461 603 2510 matre
615 2452 804 2521 coinquinatus
818 2457 959 2516 esset‚aut
1007 2454 1091 2508 tradit
1114 2453 1222 2510 Petram
1242 2454 1468 2510 Mediolanensem
1497 2457 1748 2527 archiepiscopum,
1776 2462 1803 2509 et

163 2534 287 2581 materna
302 2527 405 2582 uiscera
421 2525 498 2595 quasi
518 2539 568 2594 pro
587 2531 698 2593 peccato
723 2528 918 2590 corrumperet,
932 2527 960 2574 et
1008 2522 1150 2578 Paulinum
1173 2523 1386 2607 Foroiuliensem
1412 2526 1454 2579 rel
1463 2523 1662 2596 aquileiensem
1689 2531 1731 2597 (ut
1753 2523 1803 2594 ait)

163 2595 289 2652 sordibus
313 2611 346 2651 ex
360 2596 428 2651 sitio
451 2594 546 2665 primae
560 2593 740 2648 damnationis
761 2591 957 2660 coinquinaret,
1007 2593 1200 2663 patriarcham,
1212 2608 1352 2665 episcopos
1362 2602 1491 2664 praetcrea
1503 2612 1535 2650 ex
1543 2595 1698 2659 Germania,
1706 2593 1805 2659 Gallia,

164 2661 822 2733 nouessetbeil'iliussedadoptiins‚utcaeteri;
837 2660 959 2730 quinimo
1008 2663 1154 2733 Aquitania
1171 2670 1253 2733 atque
1280 2664 1429 2719 Britannia.
1455 2663 1583 2722 Paulinus
1605 2663 1742 2720 auternll
1782 2663 1805 2718 i-

165 2750 217 2791 nec
226 2733 376 2805 adoptivus,
390 2743 418 2790 et
430 2733 520 2790 nullus
538 2741 610 2788 esset
624 2748 673 2803 per
693 2747 773 2856 quem
785 2731 959 2801 adoptaretur
1008 2732 1269 2813 leiensisepiscopus
1279 2733 1603 2807 inpiiieiiosaciosyliabo
1615 2735 1689 2790 addit
1701 2679 1804 2789 aava·

165 2805 234 2874 ipse,
260 2806 282 2860 si
295 2820 350 2861 non
362 2813 434 2860 esset
446 2803 581 2874 proprius.
599 2824 608 2856 i
623 2804 657 2857 Et
667 2803 694 2858 in
706 2797 797 2856 erius:
821 2820 830 2851 r
846 2800 881 2854 Et
899 2799 960 2855 ideo
1009 2802 1108 2873 speria,
1121 2803 1240 2873 Liguria,
1256 2803 1366 2858 AEniilia
1378 2813 1405 2858 ct
1416 2803 1523 2859 dustria
1536 2805 1683 2875 proriueiis
1698 2820 1757 2860 esse
1769 2801 1805 2860 ad

165 2884 275 2929 nonest
295 2874 340 2930 ille
355 2874 508 2944 adoptirus,
527 2872 574 2927 sed
592 2873 735 2943 adoptator
754 2872 795 2942 (ut
806 2870 844 2925 ita
859 2870 958 2941 dicam)
1009 2870 1141 2944 synodum
1161 2881 1271 2928 vocatos
1281 2874 1430 2943 episcopos.

164 2951 323 3000 wtcrorum
332 2962 356 3012 ;i
370 2961 402 3000 ac
417 2942 568 3012 subjungit:
580 2962 589 2994 i
599 2942 724 2998 Christus
738 2957 791 2996 non
806 2939 959 3011 adoptianis,
1048 2941 1124 3011 Optio
1137 2941 1201 2996 data
1213 2943 1342 2998 haereticis
1364 2943 1396 2998 ui
1416 2943 1533 2998 Adriano
1547 2961 1626 3015 papa.
1640 2975 1676 2985 -
1688 2940 1740 3000 Ubi
1757 2957 1804 2996 au·

165 3014 214 3068 sed
227 3015 412 3084 propriusllei
425 3013 510 3069 lilius
529 3012 732 3084 inplenitudine
750 3021 805 3066 teni
842 3025 960 3064 runirc-
1009 3018 1066 3067 tem
1082 3010 1217 3067 Adrianus
1236 3026 1305 3083 papa
1324 3013 1428 3068 crebris
1446 3013 1625 3082 legationibus
1646 3012 1735 3069 Caroli
1748 3012 1805 3067 lla·

165 3082 216 3148 nit,
238 3083 469 3149 missusaPatre‚
495 3093 575 3139 natus
597 3099 630 3139 eir
653 3082 776 3146 muliere,
811 3089 888 3135 actus
909 3079 959 3134 sub
1011 3081 1057 3151 gni
1076 3088 1215 3151 permotus
1230 3090 1281 3149 est,
1302 3090 1332 3139 ut
1342 3082 1376 3136 de
1394 3082 1527 3138 sententia
1541 3083 1664 3153 Elipandi
1676 3082 1806 3138 decerne·

166 3152 233 3223 lege,
247 3155 292 3223 qui
304 3155 378 3210 solas
390 3170 444 3210 non
460 3155 534 3224 eguit
548 3153 759 3222 regenerationis
777 3158 957 3212 sacramento,
973 3129 996 3193 C
1011 3159 1069 3215 ret;
1087 3166 1118 3205 ea
1133 3150 1230 3207 iterum
1243 3152 1395 3207 examinata
1408 3161 1488 3222 atque
1500 3151 1632 3219 discussa,
1643 3153 1808 3222 inreritaqus

166 3238 253 3290 neque
268 3225 383 3290 renasci,
397 3224 525 3294 quoniam
539 3223 664 3293 proprius
681 3223 728 3278 liei
741 3220 836 3286 Filias,
849 3220 895 3289 qui
913 3235 962 3275 no-
1011 3221 1039 3275 in
1051 3222 1175 3275 baeresim
1187 3221 1332 3287 declinare,
1343 3221 1465 3291 publicas
1481 3221 1585 3279 litteras
1600 3222 1760 3292 conscripsit
1772 3221 1809 3277 ad

165 3291 208 3347 bis
224 3299 272 3361 per
291 3293 443 3364 adoptionis
453 3295 567 3364 gratiam
580 3309 628 3347 sua
641 3292 767 3362 dignatus
784 3298 826 3344 est
838 3290 961 3360 benigni·
1011 3291 1153 3373 episcopos
1167 3290 1301 3348 calleciae
1315 3300 1341 3345 ct
1361 3290 1561 3362 Hispaniarum,
1582 3295 1609 3348 in
1626 3292 1725 3363 quibus
1742 3306 1807 3362 pro·

165 3369 222 3417 tate
233 3378 282 3432 per
296 3363 433 3420 laracmm
454 3363 665 3432 regenerationis
680 3361 771 3430 largiri
785 3361 961 3414 lratciiiitatis
1011 3361 1108 3417 rinciis
1127 3360 1215 3430 iuerat
1233 3377 1310 3417 error
1324 3361 1532 3424 disseminatus:
1552 3363 1586 3418 de
1598 3363 1695 3432 bisque
1715 3361 1808 3432 dispu-

166 3434 345 3488 cousortium.
358 3433 435 3490 Unde
447 3431 566 3488 loannes
579 3451 587 3486 z
602 3431 734 3502 Quotquot
750 3439 837 3483 antem
863 3446 962 3499 recepe-
1012 3441 1082 3496 tuiis,
1095 3431 1218 3500 pluribus
1228 3432 1350 3487 confutat
1362 3441 1493 3487 assertam
1506 3432 1540 3487 dc
1550 3432 1650 3488 Christi
1662 3432 1807 3502 adoptione

165 3510 309 3569 renisam,
321 3503 393 3558 dedit
405 3504 443 3558 eis
452 3512 604 3573 patestatem
616 3499 687 3570 filios
695 3499 743 3555 Dei
754 3499 812 3568 fieri*
822 3498 913 3569 (ioan.
928 3501 959 3570 ι);
1010 3500 1189 3565 sentcntiam;
1206 3509 1287 3570 atque
1301 3501 1420 3566 denium,
1431 3501 1564 3571 ejusmodi
1578 3503 1700 3558 oratioue
1712 3502 1809 3557 darios

164 3584 247 3640 quarn
267 3581 504 3643 sancpotestatem
527 3570 632 3626 aPatre
653 3569 760 3640 genitus
782 3568 839 3638 ipse
862 3584 893 3621 eii
912 3583 960 3624 sua
1011 3585 1107 3625 omnes
1137 3586 1152 3623 a
1181 3573 1294 3625 rei-itate
1324 3571 1352 3626 in
1382 3571 1434 3626 bne
1464 3572 1607 3642 compellat
1637 3572 1678 3628 sic
1695 3572 1806 3628 dicens:

165 3648 263 3695 natura
282 3642 310 3696 iu
324 3657 354 3698 se
369 3643 474 3706 habuit,
488 3638 741 3697 etnonaliundeut
772 3638 961 3718 ropriuscsset
1013 3638 1199 3709 «Priusquam
1213 3639 1294 3695 libelli
1308 3641 1716 3711 imponatnrterniinusllnalis,
1730 3642 1807 3698 adlui-

166 3709 214 3764 llei
237 3710 340 3778 Filius,
362 3721 390 3768 ct
406 3713 484 3768 daret
505 3712 604 3782 quibus
625 3709 705 3766 reliet
726 3653 880 3778 aefliptionis
900 3724 962 3779 gra·
1009 3708 1096 3764 beiida
1127 3717 1169 3764 est
1198 3710 1364 3779 litigatorum
1394 3711 1468 3780 optio
1497 3713 1666 3769 sententialis
1683 3731 1689 3766 :
1706 3712 1807 3783 eligant

166 3779 264 3835 tiami
400 3800 403 3805 ¹
1011 3794 1127 3847 namque
1147 3795 1207 3849 quac
1224 3781 1423 3844 rainiariam
1439 3790 1486 3836 aut
1496 3791 1622 3848 mortem,
1638 3782 1806 3840 benedictio-

201 3847 236 3903 x.
257 3851 320 3907 llac
337 3860 365 3907 et
386 3852 439 3907 alia
461 3853 518 3923 ipse
540 3852 699 3912 ildefonsus,
719 3849 817 3919 quibus
835 3848 961 3903 omnibns
1011 3863 1072 3903 ricm
1088 3857 1135 3902 aut
1148 3849 1376 3905 maledictionem.
1396 3850 1527 3921 Optamus
1540 3867 1658 3921 namque
1671 3861 1698 3908 ει
1716 3851 1806 3907 inlini·

166 3920 254 3990 magis
266 3923 406 3993 magisque
417 3938 549 3993 coarguas
561 3920 680 3978 baeretici
694 3917 848 3989 impostoris
859 3917 960 3972 illatam
1011 3930 1065 3973 tani
1080 3918 1143 3973 boni
1153 3917 1273 3975 l'astoris
1285 3919 1392 3975 boiniiii
1409 3936 1551 3990 precamur
1565 3922 1740 3992 benignitatis
1752 3922 1807 3978 cle-
1879 3926 1880 3929 ’

165 3988 193 4043 iu
208 3990 296 4059 ipsum
311 3992 484 4057 calumniam,
498 3993 679 4075 vendicesque
689 4004 750 4044 euni
763 3989 865 4058 pariter
881 4003 897 4041 a
910 3987 961 4041 Pa·
1010 3988 1148 4052 nientiam.
1162 3991 1209 4060 qui
1221 4005 1300 4046 orem
1311 3990 1443 4061 perditam
1456 3989 1491 4045 ad
1503 3991 1573 4047 ovile
1585 3992 1807 4075 propriisbume-

165 4065 238 4114 troni
253 4071 383 4144 concepta
401 4063 433 4118 de
448 4063 507 4132 ipso
522 4063 693 4118 sanctissimo
711 4066 793 4128 atque
804 4057 961 4112 doctissimo
1009 4059 1049 4114 ris
1062 4060 1181 4128 portarit
1198 4059 1273 4132 (liic.
1288 4061 1345 4132 ar),
1363 4069 1393 4115 ut
1405 4060 1508 4118 relictis
1522 4077 1612 4118 carnis
1625 4062 1804 4128 anti-actibus,

164 4129 224 4183 riro
236 4146 270 4185 ex
285 4132 475 4188 testilleatioue
489 4131 612 4204 Elipandi
624 4130 694 4186 mala
706 4128 905 4184 existimatione
920 4137 961 4180 at·
1010 4128 1038 4184 iii
1058 4130 1156 4200 quibus
1174 4130 1252 4186 malae
1267 4131 1371 4196 bestiae,
1388 4130 1468 4188 idest
1481 4131 1544 4187 mali
1564 4132 1592 4187 ni
1606 4132 1717 4203 spiritus
1732 4148 1807 4187 coni-

164 4214 218 4268 que
232 4211 336 4257 asserta
354 4201 422 4258 ialsa
438 4203 592 4260 sententia:
613 4209 643 4257 ut
656 4201 735 4270 plane
753 4207 881 4269 appareat
893 4198 960 4253 niliil
1010 4207 1161 4274 morantur,
1179 4210 1209 4256 ut
1226 4201 1261 4256 ad
1277 4201 1349 4256 riam
1363 4217 1424 4272 quai
1435 4200 1510 4258 ducit
1528 4149 1562 4258 ag
1574 4202 1657 4258 ritani
1675 4211 1807 4259 aeaernam

164 4265 233 4324 adeo
249 4270 368 4326 alienum
396 4270 480 4328 luisse
500 4289 516 4328 a
535 4281 610 4328 tanto
633 4271 729 4334 Patre,
752 4284 833 4339 quam
858 4267 892 4324 de
913 4268 961 4322 ad·
1010 4269 1072 4326 lldei
1088 4271 1222 4340 passibus,
1236 4270 1345 4327 Christo
1361 4271 1473 4328 redeant
1490 4273 1680 4344 pertrabante3
1712 4283 1808 4343 quate-

162 4340 274 4407 optione
295 4341 394 4398 Christi
409 4342 469 4398 Filii
483 4343 531 4398 liei
549 4343 696 4398 secundum
709 4355 820 4395 ramem
834 4338 958 4395 assertio.
1010 4356 1061 4396 nus
1080 4342 1107 4395 in
1125 4340 1185 4396 sinu
1203 4342 1298 4396 matris
1316 4342 1444 4399 Ecclesiae
1462 4343 1580 4413 susecpti
1596 4359 1645 4413 per
1659 4343 1808 4407 lamentam

164 4408 313 4466 Doleuduni
332 4411 393 4477 luit,
413 4410 545 4481 ejusmodi
563 4412 764 4468 lucubrationes
779 4409 832 4464 riri
846 4411 960 4465 sanctis—
1009 4412 1176 4479 yioenitcntiec
1197 4411 1292 4468 sordes
1305 4412 1417 4468 abluam
1430 4421 1614 4483 peccatorum,
1634 4421 1662 4469 et
1676 4413 1807 4469 infamata

163 4478 234 4541 sinii,
254 4480 317 4537 dolo
336 4482 451 4539 tortasse
470 4483 564 4554 perlidi
584 4481 718 4552 Elipandi‚
734 4479 817 4535 luisse
831 4478 878 4534 din
896 4495 959 4549 sup-
974 4475 1105 4537 Deorum
1125 4480 1257 4538 modestia
1274 4482 1352 4538 bonae
1366 4482 1446 4538 lamae
1463 4484 1595 4555 recipiant
1610 4484 1752 4555 pristinam
1764 4482 1807 4537 di-

183 4564 271 4606 ressas
281 4561 309 4607 ct
321 4554 469 4609 occultatas
482 4570 516 4608 nc
528 4550 844 4624 prodercatarliiluccm,
857 4566 890 4604 ei
903 4550 963 4621 qui·
1012 4551 1163 4621 gnitatein,
1180 4568 1230 4608 nec
1244 4552 1355 4610 lionoris
1372 4553 1559 4624 periclitentur
1575 4554 1728 4624 naufragio,
1750 4561 1808 4609 ets

164 4564 215 4674 ssug
230 4621 287 4690 ipse
300 4622 372 4677 lilius
385 4626 558 4679 tenebrarum
574 4623 697 4692 redargui
711 4629 803 4692 posset
820 4621 960 4685 alumine,
1012 4631 1107 4678 nostro
1119 4638 1173 4676 uon
1189 4620 1377 4705 disjungantur
1388 4624 1536 4690 consortio,
1546 4640 1577 4681 ac
1588 4640 1638 4707 per
1650 4624 1702 4680 lioc
1713 4640 1808 4680 recan-

163 4686 320 4746 deuorarat
335 4692 422 4748 lucem
436 4695 572 4758 tenebas,
588 4701 616 4747 ει
630 4693 757 4747 tenebras
778 4691 876 4746 lucem.
891 4691 963 4745 Gari·
1012 4691 1097 4747 ciliati
1111 4693 1294 4748 communioni
1306 4693 1446 4750 catholicae
1458 4693 1532 4760 ildei,
1546 4696 1636 4749 diriira
1649 4694 1710 4750 illos
1721 4696 1809 4765 pietas

163 4756 282 4816 dendmn
299 4777 364 4820 rero
376 4763 493 4833 quadan
513 4771 589 4820 tanto
603 4763 792 4833 llispaniaiuin
810 4759 961 4828 naufragio,
1012 4763 1163 4819 calestram
1177 4761 1259 4818 iaciat
1275 4779 1335 4820 esse
1346 4763 1492 4834 participes
1507 4763 1700 4835 gaudiorum.»

163 4830 348 4897 superfuerint
361 4841 416 4888 tam
428 4833 558 4903 praeclara
572 4831 732 4889 nobilissimi
750 4831 849 4900 ingenii
868 4846 963 4884 monn-
1049 4833 1163 4888 adriani
1193 4850 1254 4906 pap.
1269 4836 1396 4899 unienda
1415 4835 1444 4889 in
1459 4834 1606 4892 batericus.
1617 4865 1653 4876 -
1668 4854 1678 4885 i
1695 4833 1814 4901 Quodsi

165 4906 267 4967 menta,
287 4901 436 4973 eademque
454 4919 470 4960 e
488 4903 599 4959 latebris
618 4901 761 4966 rindicata,
782 4911 864 4983 atque
883 4901 910 4955 iii
923 4900 964 4954 la·
1012 4902 1183 4973 erigentibus
1196 4903 1314 4973 indignis
1325 4901 1441 4968 meritis,
1455 4910 1510 4958 tam
1524 4902 1659 4959 insolubili
1672 4918 1720 4960 eos
1731 4903 1811 4958 aiali-

163 4983 223 5021 rem
239 4971 310 5026 edita
324 4988 341 5026 a
353 4974 412 5029 riro
429 4974 551 5029 raritatis
561 4973 758 5036 amantissimo,
771 4972 962 5041 antiquitatum
1012 4987 1083 5042 gnus
1094 4973 1206 5042 spiritus
1216 4972 1335 5042 perildiae
1349 4973 1446 5041 laqueo
1457 4970 1533 5040 iusto
1544 4973 1591 5028 liei
1603 4971 1706 5042 judicio
1720 4981 1809 5029 stran-

163 5039 411 5098 rceiesiasticarum
429 5043 636 5107 studiosissimo,
653 5058 707 5098 non
721 5042 840 5112 llispano
863 5043 909 5112 (ne
920 5039 963 5095 rel
1013 5042 1126 5111 gularit,
1140 5050 1170 5096 ut
1186 5041 1284 5098 resolri
1302 5051 1457 5112 nequeant:
1474 5056 1508 5096 ex
1523 5042 1686 5098 anctoritate
1697 5058 1811 5124 prorsus

163 5107 234 5162 leuis
244 5112 364 5181 suspicio
375 5115 488 5184 privatae
500 5114 651 5170 allectionis
663 5128 727 5183 erga
744 5110 871 5182 gentilem
883 5126 962 5165 suuni
1012 5110 1249 5181 sedisapostolicae
1261 5127 1292 5166 ae
1306 5112 1378 5169 beati
1390 5111 1463 5168 Petri
1471 5114 1654 5237 affitoloram
1667 5113 1814 5182 prmcipis‚.

163 5177 279 5247 alicujus
293 5182 414 5239 animuin
434 5184 543 5254 pulsare
556 5184 768 5255 potuissctl‚sed
787 5180 874 5248 Galla,
888 5180 963 5236 Pari·
1013 5196 1109 5250 acper
1124 5198 1185 5236 euin
1199 5183 1246 5251 qui
1262 5182 1299 5239 illi
1313 5182 1485 5251 niagisteret
1534 5180 1808 5251 minustradiditpo

162 5247 263 5305 sicaris
281 5251 429 5311 academice
446 5256 610 5324 prolessore,
629 5254 734 5311 cultore
753 5252 916 5321 integritatis
935 5258 964 5305 et
1013 5258 1150 5315 testatem,
1178 5260 1205 5306 et
1229 5250 1348 5307 solrendi
1373 5251 1529 5322 ligandique
1555 5251 1691 5309 licentiam
1714 5252 1809 5308 tribuit

162 5317 323 5386 pientiam
340 5323 501 5380 claritudine
514 5325 632 5381 nominis
651 5326 677 5380 in
692 5321 814 5379 Ecclesia
828 5322 962 5378 catholiea
1013 5320 1163 5392 (quodsiue
1177 5322 1252 5392 graii
1263 5337 1381 5378 moerore
1394 5321 1485 5377 dicere
1499 5338 1554 5379 nori
1567 5319 1733 5393 possumus).
1746 5333 1808 5392 per-

162 5389 265 5457 optime
278 5400 354 5458 nota,
368 5410 449 5464 quem
465 5396 675 5459 noiiiinarimus,
688 5392 880 5450 Feuardentio.
1012 5399 1095 5462 petuo
1112 5406 1160 5448 eos
1173 5391 1354 5448 anathematis
1370 5392 1479 5447 vinculo
1496 5391 1624 5464 religatos
1639 5391 1729 5448 ultrici
1746 5407 1809 5448 euin
1895 5411 1900 5420 ·

200 5459 245 5514 Xl.
263 5461 376 5519 Careias
389 5464 503 5548 liugane
518 5464 664 5538 generalem
677 5464 806 5535 synedria
822 5479 963 5518 certiorare
1012 5462 1175 5533 sequacibus
1197 5461 1254 5517 suis
1273 5459 1427 5530 judicamus
1453 5462 1572 5517 vindicta
1593 5460 1758 5533 plectendos,
1775 5477 1808 5519 ac

162 5526 389 5592 laborat-llis
406 5537 488 5604 igitur
506 5540 539 5592 dc
556 5535 679 5605 Elipandi
700 5533 798 5589 litteris
818 5542 882 5587 aare
899 5548 963 5602 syn·
1011 5547 1062 5603 per
1073 5531 1127 5590 boc
1145 5531 1280 5614 agreniio
1297 5532 1393 5588 matris
1405 5532 1535 5589 Ecclesiae
1551 5540 1579 5588 et
1597 5549 1612 5586 a
1631 5540 1726 5588 nostro
1743 5548 1806 5589 cori·
1836 5563 1850 5576 ω

161 5597 244 5654 tadum
252 5614 429 5661 convocatam
437 5605 599 5676 conscriptis
603 5604 660 5673 jani
672 5603 816 5668 cineratis,
831 5603 864 5657 ad
877 5602 962 5672 ipsam
1012 5603 1098 5658 sortio
1109 5602 1207 5658 delimo
1220 5602 1332 5657 alienos.
1350 5621 1359 5653 i

161 5670 258 5737 synodi
274 5673 448 5732 indictionem
462 5677 610 5731 rciiiamus.
631 5675 680 5730 libi
693 5675 775 5744 igitur
787 5674 909 5743 Elipandi
922 5671 964 5727 di·
1048 5672 1105 5728 llll.
1128 5672 1207 5727 Orari‘
1231 5671 1284 5726 isilt
1307 5670 1425 5741 pontisas
1481 5670 1757 5738 obseruandum
1781 5674 1811 5726 iit

160 5746 213 5796 clai
230 5740 328 5802 littei-a
350 5746 520 5804 adCaioluui
536 5744 785 5814 llaguumi’sdditac
799 5743 962 5800 suutznibii
1012 5742 1111 5814 spriada
1128 5741 1238 5799 Carolus
1257 5741 1347 5814 egerit.
1365 5760 1423 5793 -r
1461 5740 1552 5812 iquis
1572 5749 1662 5798 autem
1687 5742 1807 5798 bdelium
