<?xml version="1.0" encoding="UTF-8"?>
<!DOCTYPE html PUBLIC "-//W3C//DTD XHTML 1.0 Transitional//EN"
    "http://www.w3.org/TR/xhtml1/DTD/xhtml1-transitional.dtd">
<html xmlns="http://www.w3.org/1999/xhtml" xml:lang="en" lang="en">
 <head>
  <title>
</title>
<meta http-equiv="Content-Type" content="text/html;charset=utf-8" />
  <meta name='ocr-system' content='tesseract 3.04.00' />
  <meta name='ocr-capabilities' content='ocr_page ocr_carea ocr_par ocr_line ocrx_word'/>
</head>
<body>
  <div class='ocr_page' id='page_1' title='image "./patrologiaecurs136unkngoog/patrologiaecurs136unkngoog_0517.png"; bbox 0 0 4050 6192; ppageno 0'>
   <div class='ocr_carea' id='block_1_1' title="bbox 156 334 1795 406">
    <p class='ocr_par' dir='ltr' id='par_1_1' title="bbox 156 334 1795 406">
     <span class='ocr_line' id='line_1_1' title="bbox 156 334 1795 406; baseline -0.008 0"><span class='ocrx_word' id='word_1_1' title='bbox 156 351 222 406; x_wconf 76' lang='lat' dir='ltr'><strong>i02&#39;l</strong></span> <span class='ocrx_word' id='word_1_2' title='bbox 556 347 646 403; x_wconf 77' lang='lat' dir='ltr'><strong>Libit!</strong></span> <span class='ocrx_word' id='word_1_3' title='bbox 665 341 838 402; x_wconf 64' lang='lat' dir='ltr'><strong>attremit.</strong></span> <span class='ocrx_word' id='word_1_4' title='bbox 858 369 895 382; x_wconf 91' lang='lat'><strong>·-</strong></span> <span class='ocrx_word' id='word_1_5' title='bbox 913 335 1026 394; x_wconf 67' lang='lat' dir='ltr'><strong>certi.</strong></span> <span class='ocrx_word' id='word_1_6' title='bbox 1046 334 1092 391; x_wconf 82' lang='lat' dir='ltr'><strong>DE</strong></span> <span class='ocrx_word' id='word_1_7' title='bbox 1109 334 1206 392; x_wconf 65' lang='lat' dir='ltr'><strong>lule.</strong></span> <span class='ocrx_word' id='word_1_8' title='bbox 1226 365 1262 377; x_wconf 91' lang='lat'>-</span> <span class='ocrx_word' id='word_1_9' title='bbox 1281 335 1346 392; x_wconf 82' lang='lat' dir='ltr'><strong>titt.</strong></span> <span class='ocrx_word' id='word_1_10' title='bbox 1365 336 1388 391; x_wconf 91' lang='grc'><strong>1.</strong></span> <span class='ocrx_word' id='word_1_11' title='bbox 1723 336 1795 394; x_wconf 68' lang='lat' dir='ltr'><strong>loss</strong></span> 
     </span>
    </p>
   </div>
   <div class='ocr_carea' id='block_1_2' title="bbox 154 449 1815 5833">
    <p class='ocr_par' dir='ltr' id='par_1_2' title="bbox 154 449 1815 5833">
     <span class='ocr_line' id='line_1_2' title="bbox 154 449 1797 531; baseline -0.012 -9"><span class='ocrx_word' id='word_1_12' title='bbox 154 461 294 529; x_wconf 74' lang='lat' dir='ltr'>monstris,</span> <span class='ocrx_word' id='word_1_13' title='bbox 312 469 340 516; x_wconf 91' lang='lat' dir='ltr'><strong>ct</strong></span> <span class='ocrx_word' id='word_1_14' title='bbox 350 458 479 518; x_wconf 84' lang='lat' dir='ltr'><strong>melliflua</strong></span> <span class='ocrx_word' id='word_1_15' title='bbox 490 461 690 531; x_wconf 75' lang='lat' dir='ltr'><strong>predicationis</strong></span> <span class='ocrx_word' id='word_1_16' title='bbox 701 458 797 530; x_wconf 86' lang='lat' dir='ltr'><strong>pocula</strong></span> <span class='ocrx_word' id='word_1_17' title='bbox 808 454 948 512; x_wconf 74' lang='lat' dir='ltr'><strong>catholicis</strong></span> <span class='ocrx_word' id='word_1_18' title='bbox 962 454 986 513; x_wconf 86' lang='lat' dir='ltr'><strong>lt</strong></span> <span class='ocrx_word' id='word_1_19' title='bbox 1001 450 1077 522; x_wconf 84' lang='lat' dir='ltr'><strong>sequi</strong></span> <span class='ocrx_word' id='word_1_20' title='bbox 1092 457 1199 516; x_wconf 87' lang='lat' dir='ltr'><strong>curant,</strong></span> <span class='ocrx_word' id='word_1_21' title='bbox 1220 450 1290 507; x_wconf 91' lang='lat' dir='ltr'><strong>sicut</strong></span> <span class='ocrx_word' id='word_1_22' title='bbox 1310 449 1357 506; x_wconf 91' lang='lat' dir='ltr'><strong>iilo</strong></span> <span class='ocrx_word' id='word_1_23' title='bbox 1372 449 1514 519; x_wconf 81' lang='lat' dir='ltr'><strong>pertenire</strong></span> <span class='ocrx_word' id='word_1_24' title='bbox 1529 465 1585 521; x_wconf 77' lang='lat' dir='ltr'><strong>auo</strong></span> <span class='ocrx_word' id='word_1_25' title='bbox 1597 449 1797 528; x_wconf 76' lang='lat' dir='ltr'><strong>illeclarlcutn-</strong></span> 
     </span>
     <span class='ocr_line' id='line_1_3' title="bbox 154 538 1797 634; baseline -0.011 -19"><span class='ocrx_word' id='word_1_26' title='bbox 154 576 203 634; x_wconf 89' lang='lat' dir='ltr'><strong>per</strong></span> <span class='ocrx_word' id='word_1_27' title='bbox 213 559 308 615; x_wconf 89' lang='lat' dir='ltr'><strong>orbem</strong></span> <span class='ocrx_word' id='word_1_28' title='bbox 321 555 457 610; x_wconf 74' lang='lat' dir='ltr'>ministrat</span> <span class='ocrx_word' id='word_1_29' title='bbox 468 553 607 610; x_wconf 80' lang='lat' dir='ltr'><strong>Ecclesiis.</strong></span> <span class='ocrx_word' id='word_1_30' title='bbox 623 553 691 608; x_wconf 82' lang='lat' dir='ltr'><strong>Nam</strong></span> <span class='ocrx_word' id='word_1_31' title='bbox 703 551 876 608; x_wconf 75' lang='lat' dir='ltr'><strong>beatimirnus</strong></span> <span class='ocrx_word' id='word_1_32' title='bbox 891 547 952 603; x_wconf 83' lang='lat' dir='ltr'><strong>liic·</strong></span> <span class='ocrx_word' id='word_1_33' title='bbox 1002 541 1059 597; x_wconf 91' lang='lat' dir='ltr'><strong>rius</strong></span> <span class='ocrx_word' id='word_1_34' title='bbox 1072 548 1171 606; x_wconf 80' lang='lat' dir='ltr'><strong>exstat,</strong></span> <span class='ocrx_word' id='word_1_35' title='bbox 1191 540 1355 596; x_wconf 86' lang='lat' dir='ltr'><strong>desiderant.</strong></span> <span class='ocrx_word' id='word_1_36' title='bbox 1373 538 1414 594; x_wconf 82' lang='lat' dir='ltr'><strong>ltu</strong></span> <span class='ocrx_word' id='word_1_37' title='bbox 1431 555 1513 609; x_wconf 83' lang='lat' dir='ltr'><strong>quana</strong></span> <span class='ocrx_word' id='word_1_38' title='bbox 1530 539 1725 600; x_wconf 70' lang='lat' dir='ltr'><strong>beatitudinem</strong></span> <span class='ocrx_word' id='word_1_39' title='bbox 1749 556 1797 597; x_wconf 91' lang='lat' dir='ltr'><strong>nos</strong></span> 
     </span>
     <span class='ocr_line' id='line_1_4' title="bbox 155 630 1799 721; baseline -0.013 -14"><span class='ocrx_word' id='word_1_40' title='bbox 155 662 295 721; x_wconf 80' lang='lat' dir='ltr'><strong>ronymus,</strong></span> <span class='ocrx_word' id='word_1_41' title='bbox 308 646 350 700; x_wconf 85' lang='lat' dir='ltr'><strong>vir</strong></span> <span class='ocrx_word' id='word_1_42' title='bbox 363 645 463 701; x_wconf 77' lang='lat' dir='ltr'><strong>divinis</strong></span> <span class='ocrx_word' id='word_1_43' title='bbox 475 643 582 714; x_wconf 70' lang='lat' dir='ltr'><strong>legibus</strong></span> <span class='ocrx_word' id='word_1_44' title='bbox 598 652 626 699; x_wconf 91' lang='lat' dir='ltr'><strong>et</strong></span> <span class='ocrx_word' id='word_1_45' title='bbox 637 643 784 698; x_wconf 87' lang='lat' dir='ltr'><strong>multamm</strong></span> <span class='ocrx_word' id='word_1_46' title='bbox 798 640 950 710; x_wconf 78' lang='lat' dir='ltr'><strong>linguarum</strong></span> <span class='ocrx_word' id='word_1_47' title='bbox 1002 632 1153 701; x_wconf 80' lang='lat' dir='ltr'><strong>pertenire,</strong></span> <span class='ocrx_word' id='word_1_48' title='bbox 1164 639 1192 686; x_wconf 89' lang='lat' dir='ltr'><strong>et</strong></span> <span class='ocrx_word' id='word_1_49' title='bbox 1204 631 1231 687; x_wconf 92' lang='lat' dir='ltr'><strong>in</strong></span> <span class='ocrx_word' id='word_1_50' title='bbox 1243 640 1344 687; x_wconf 65' lang='lat' dir='ltr'><strong>sanctie</strong></span> <span class='ocrx_word' id='word_1_51' title='bbox 1360 630 1487 686; x_wconf 81' lang='lat' dir='ltr'><strong>Ecclesia</strong></span> <span class='ocrx_word' id='word_1_52' title='bbox 1501 631 1638 686; x_wconf 89' lang='lat' dir='ltr'><strong>consortio</strong></span> <span class='ocrx_word' id='word_1_53' title='bbox 1655 639 1685 685; x_wconf 93' lang='lat' dir='ltr'><strong>et</strong></span> <span class='ocrx_word' id='word_1_54' title='bbox 1699 631 1799 686; x_wconf 89' lang='lat' dir='ltr'><strong>unione</strong></span> 
     </span>
     <span class='ocr_line' id='line_1_5' title="bbox 154 719 1798 809; baseline -0.009 -13"><span class='ocrx_word' id='word_1_55' title='bbox 154 740 252 809; x_wconf 86' lang='lat' dir='ltr'><strong>peritia</strong></span> <span class='ocrx_word' id='word_1_56' title='bbox 268 737 401 801; x_wconf 89' lang='lat' dir='ltr'><strong>eruditus,</strong></span> <span class='ocrx_word' id='word_1_57' title='bbox 426 736 490 791; x_wconf 88' lang='lat' dir='ltr'><strong>dum</strong></span> <span class='ocrx_word' id='word_1_58' title='bbox 505 734 735 790; x_wconf 67' lang='lat' dir='ltr'><strong>lietblebenritsseis</strong></span> <span class='ocrx_word' id='word_1_59' title='bbox 753 740 905 788; x_wconf 87' lang='lat' dir='ltr'><strong>moraretur</strong></span> <span class='ocrx_word' id='word_1_60' title='bbox 923 729 951 785; x_wconf 89' lang='lat' dir='ltr'><strong>in</strong></span> <span class='ocrx_word' id='word_1_61' title='bbox 1003 721 1048 776; x_wconf 76' lang='lat' dir='ltr'><strong>iiie</strong></span> <span class='ocrx_word' id='word_1_62' title='bbox 1070 737 1119 778; x_wconf 67' lang='grc' dir='ltr'>ἰιι</span> <span class='ocrx_word' id='word_1_63' title='bbox 1141 721 1222 777; x_wconf 87' lang='lat' dir='ltr'><strong>lueiat</strong></span> <span class='ocrx_word' id='word_1_64' title='bbox 1237 735 1426 792; x_wconf 57' lang='lat' dir='ltr'><strong>bitterense,</strong></span> <span class='ocrx_word' id='word_1_65' title='bbox 1443 721 1490 789; x_wconf 75' lang='lat' dir='ltr'><strong>‘lili</strong></span> <span class='ocrx_word' id='word_1_66' title='bbox 1511 719 1660 776; x_wconf 61' lang='lat' dir='ltr'><strong>Ecclesiam</strong></span> <span class='ocrx_word' id='word_1_67' title='bbox 1675 736 1752 776; x_wconf 85' lang='lat' dir='ltr'><strong>suam</strong></span> <span class='ocrx_word' id='word_1_68' title='bbox 1772 721 1798 775; x_wconf 83' lang='lat' dir='ltr'><strong>in</strong></span> 
     </span>
     <span class='ocr_line' id='line_1_6' title="bbox 173 811 1800 896; baseline -0.007 -17"><span class='ocrx_word' id='word_1_69' title='bbox 173 829 236 889; x_wconf 55' lang='lat' dir='ltr'><strong>cris,</strong></span> <span class='ocrx_word' id='word_1_70' title='bbox 254 838 312 883; x_wconf 87' lang='lat' dir='ltr'><strong>eta</strong></span> <span class='ocrx_word' id='word_1_71' title='bbox 330 827 411 882; x_wconf 87' lang='lat' dir='ltr'><strong>beato</strong></span> <span class='ocrx_word' id='word_1_72' title='bbox 426 840 494 896; x_wconf 89' lang='lat' dir='ltr'><strong>papa</strong></span> <span class='ocrx_word' id='word_1_73' title='bbox 511 825 627 880; x_wconf 83' lang='lat' dir='ltr'><strong>Damaso</strong></span> <span class='ocrx_word' id='word_1_74' title='bbox 642 824 735 880; x_wconf 77' lang='lat' dir='ltr'><strong>Rornae</strong></span> <span class='ocrx_word' id='word_1_75' title='bbox 747 822 835 892; x_wconf 91' lang='lat' dir='ltr'><strong>posito</strong></span> <span class='ocrx_word' id='word_1_76' title='bbox 853 821 887 877; x_wconf 89' lang='lat' dir='ltr'><strong>de</strong></span> <span class='ocrx_word' id='word_1_77' title='bbox 902 817 953 877; x_wconf 86' lang='lat' dir='ltr'><strong>dil·</strong></span> <span class='ocrx_word' id='word_1_78' title='bbox 1003 813 1085 869; x_wconf 86' lang='lat' dir='ltr'><strong>Petro</strong></span> <span class='ocrx_word' id='word_1_79' title='bbox 1110 813 1236 885; x_wconf 75' lang='lat' dir='ltr'><strong>dignatas</strong></span> <span class='ocrx_word' id='word_1_80' title='bbox 1256 821 1299 869; x_wconf 90' lang='lat' dir='ltr'><strong>est</strong></span> <span class='ocrx_word' id='word_1_81' title='bbox 1315 811 1449 868; x_wconf 82' lang='lat' dir='ltr'><strong>inridere:</strong></span> <span class='ocrx_word' id='word_1_82' title='bbox 1469 821 1497 866; x_wconf 90' lang='lat' dir='ltr'><strong>et</strong></span> <span class='ocrx_word' id='word_1_83' title='bbox 1522 812 1581 883; x_wconf 91' lang='lat' dir='ltr'><strong>ipso</strong></span> <span class='ocrx_word' id='word_1_84' title='bbox 1604 814 1800 868; x_wconf 74' lang='lat' dir='ltr'><strong>irateneniente</strong></span> 
     </span>
     <span class='ocr_line' id='line_1_7' title="bbox 193 902 1798 987; baseline -0.002 -15"><span class='ocrx_word' id='word_1_85' title='bbox 193 921 272 976; x_wconf 77' lang='lat' dir='ltr'><strong>unos</strong></span> <span class='ocrx_word' id='word_1_86' title='bbox 286 918 473 975; x_wconf 74' lang='lat' dir='ltr'><strong>consuleretur</strong></span> <span class='ocrx_word' id='word_1_87' title='bbox 492 917 695 987; x_wconf 67' lang='lat' dir='ltr'><strong>qomrtonrous,</strong></span> <span class='ocrx_word' id='word_1_88' title='bbox 715 931 777 971; x_wconf 82' lang='lat' dir='ltr'><strong>eura</strong></span> <span class='ocrx_word' id='word_1_89' title='bbox 796 930 846 986; x_wconf 83' lang='lat' dir='ltr'><strong>pro</strong></span> <span class='ocrx_word' id='word_1_90' title='bbox 863 913 953 970; x_wconf 78' lang='lat' dir='ltr'><strong>crusis</strong></span> <span class='ocrx_word' id='word_1_91' title='bbox 1003 907 1082 968; x_wconf 70' lang='lat' dir='ltr'><strong>cujus</strong></span> <span class='ocrx_word' id='word_1_92' title='bbox 1104 903 1240 960; x_wconf 71' lang='lat' dir='ltr'><strong>cathedrae</strong></span> <span class='ocrx_word' id='word_1_93' title='bbox 1263 918 1357 958; x_wconf 78' lang='lat' dir='ltr'><strong>sunus</strong></span> <span class='ocrx_word' id='word_1_94' title='bbox 1380 917 1527 971; x_wconf 69' lang='lat' dir='ltr'><strong>sanares,</strong></span> <span class='ocrx_word' id='word_1_95' title='bbox 1553 902 1628 973; x_wconf 73' lang='lat' dir='ltr'><strong>rogor</strong></span> <span class='ocrx_word' id='word_1_96' title='bbox 1649 903 1798 969; x_wconf 74' lang='lat' dir='ltr'><strong>celorum,</strong></span> 
     </span>
     <span class='ocr_line' id='line_1_8' title="bbox 165 992 1800 1081; baseline -0.013 -11"><span class='ocrx_word' id='word_1_97' title='bbox 165 1013 218 1067; x_wconf 66' lang='lat' dir='ltr'><strong>elei</strong></span> <span class='ocrx_word' id='word_1_98' title='bbox 231 1027 309 1068; x_wconf 79' lang='lat' dir='ltr'><strong>versa</strong></span> <span class='ocrx_word' id='word_1_99' title='bbox 321 1011 380 1067; x_wconf 80' lang='lat' dir='ltr'><strong>rice</strong></span> <span class='ocrx_word' id='word_1_100' title='bbox 393 1008 560 1066; x_wconf 86' lang='lat' dir='ltr'><strong>consuluisse</strong></span> <span class='ocrx_word' id='word_1_101' title='bbox 570 1009 748 1081; x_wconf 73' lang='lat' dir='ltr'><strong>dignoscitur,</strong></span> <span class='ocrx_word' id='word_1_102' title='bbox 759 1017 787 1063; x_wconf 92' lang='lat' dir='ltr'><strong>ct</strong></span> <span class='ocrx_word' id='word_1_103' title='bbox 797 1007 854 1063; x_wconf 84' lang='lat' dir='ltr'><strong>siro</strong></span> <span class='ocrx_word' id='word_1_104' title='bbox 864 1014 955 1062; x_wconf 81' lang='lat' dir='ltr'><strong>tacerr-</strong></span> <span class='ocrx_word' id='word_1_105' title='bbox 1004 995 1082 1064; x_wconf 74' lang='lat' dir='ltr'><strong>quus</strong></span> <span class='ocrx_word' id='word_1_106' title='bbox 1095 993 1140 1051; x_wconf 89' lang='lat' dir='ltr'><strong>ille</strong></span> <span class='ocrx_word' id='word_1_107' title='bbox 1154 995 1272 1065; x_wconf 58' lang='lat' dir='ltr'><strong>ctsrvtgcr</strong></span> <span class='ocrx_word' id='word_1_108' title='bbox 1286 993 1373 1050; x_wconf 88' lang='lat' dir='ltr'><strong>laetus</strong></span> <span class='ocrx_word' id='word_1_109' title='bbox 1390 1002 1448 1060; x_wconf 88' lang='lat' dir='ltr'><strong>est,</strong></span> <span class='ocrx_word' id='word_1_110' title='bbox 1467 1009 1621 1049; x_wconf 88' lang='lat' dir='ltr'><strong>mercamur</strong></span> <span class='ocrx_word' id='word_1_111' title='bbox 1635 992 1704 1050; x_wconf 85' lang='lat' dir='ltr'><strong>ellici</strong></span> <span class='ocrx_word' id='word_1_112' title='bbox 1725 1008 1800 1050; x_wconf 88' lang='lat' dir='ltr'><strong>cona·</strong></span> 
     </span>
     <span class='ocr_line' id='line_1_9' title="bbox 158 1097 1092 1171; baseline -0.006 -15"><span class='ocrx_word' id='word_1_113' title='bbox 158 1105 253 1159; x_wconf 87' lang='lat' dir='ltr'><strong>darura</strong></span> <span class='ocrx_word' id='word_1_114' title='bbox 269 1103 326 1159; x_wconf 86' lang='lat' dir='ltr'><strong>sire</strong></span> <span class='ocrx_word' id='word_1_115' title='bbox 338 1101 515 1158; x_wconf 84' lang='lat' dir='ltr'><strong>dicendarum</strong></span> <span class='ocrx_word' id='word_1_116' title='bbox 536 1099 728 1171; x_wconf 74' lang='lat' dir='ltr'><strong>hypostaseon,</strong></span> <span class='ocrx_word' id='word_1_117' title='bbox 748 1099 791 1154; x_wconf 85' lang='lat' dir='ltr'><strong>rel</strong></span> <span class='ocrx_word' id='word_1_118' title='bbox 804 1098 903 1168; x_wconf 83' lang='lat' dir='ltr'><strong>quibus</strong></span> <span class='ocrx_word' id='word_1_119' title='bbox 924 1097 952 1152; x_wconf 92' lang='lat' dir='ltr'><strong>in</strong></span> <span class='ocrx_word' id='word_1_120' title='bbox 1003 1098 1092 1158; x_wconf 74' lang='lat' dir='ltr'><strong>peire-</strong></span> 
     </span>
     <span class='ocr_line' id='line_1_10' title="bbox 156 1176 1492 1264; baseline -0.013 -16"><span class='ocrx_word' id='word_1_121' title='bbox 156 1191 340 1249; x_wconf 77' lang='lat' dir='ltr'><strong>Orientalibus</strong></span> <span class='ocrx_word' id='word_1_122' title='bbox 358 1191 482 1264; x_wconf 88' lang='lat' dir='ltr'><strong>partibas</strong></span> <span class='ocrx_word' id='word_1_123' title='bbox 503 1191 704 1246; x_wconf 88' lang='lat' dir='ltr'><strong>communicare</strong></span> <span class='ocrx_word' id='word_1_124' title='bbox 725 1189 821 1244; x_wconf 84' lang='lat' dir='ltr'><strong>debeat</strong></span> <span class='ocrx_word' id='word_1_125' title='bbox 837 1187 953 1243; x_wconf 76' lang='lat' dir='ltr'><strong>humilii</strong></span> <span class='ocrx_word' id='word_1_126' title='bbox 1303 1176 1419 1233; x_wconf 76' lang='lat' dir='ltr'><strong>carbr</strong></span> <span class='ocrx_word' id='word_1_127' title='bbox 1441 1176 1492 1231; x_wconf 84' lang='lat' dir='ltr'><strong>l&#39;ll.</strong></span> 
     </span>
     <span class='ocr_line' id='line_1_11' title="bbox 157 1278 1800 1357; baseline -0.011 -1"><span class='ocrx_word' id='word_1_128' title='bbox 157 1284 210 1339; x_wconf 59' lang='lat'>&#39;¹¹5⁸</span> <span class='ocrx_word' id='word_1_129' title='bbox 222 1283 344 1355; x_wconf 86' lang='lat' dir='ltr'><strong>apicibus</strong></span> <span class='ocrx_word' id='word_1_130' title='bbox 360 1291 391 1337; x_wconf 68' lang='lat'><strong>¹¹¹</strong></span> <span class='ocrx_word' id='word_1_131' title='bbox 403 1282 494 1353; x_wconf 87' lang='lat' dir='ltr'><strong>apices</strong></span> <span class='ocrx_word' id='word_1_132' title='bbox 505 1281 621 1352; x_wconf 61' lang='lat' dir='ltr'><strong>aedlliat</strong></span> <span class='ocrx_word' id='word_1_133' title='bbox 632 1281 802 1350; x_wconf 50' lang='lat' dir='ltr'><strong>*lebwini</strong></span> <span class='ocrx_word' id='word_1_134' title='bbox 828 1278 954 1333; x_wconf 51' lang='lat' dir='ltr'><strong>iiiiii&amp;</strong></span> <span class='ocrx_word' id='word_1_135' title='bbox 1006 1290 1084 1357; x_wconf 79' lang='lat' dir='ltr'><strong>Quod</strong></span> <span class='ocrx_word' id='word_1_136' title='bbox 1110 1306 1163 1345; x_wconf 88' lang='lat' dir='ltr'><strong>non</strong></span> <span class='ocrx_word' id='word_1_137' title='bbox 1189 1289 1224 1343; x_wconf 83' lang='lat' dir='ltr'><strong>od</strong></span> <span class='ocrx_word' id='word_1_138' title='bbox 1252 1288 1402 1343; x_wconf 73' lang='lat' dir='ltr'><strong>edocendus</strong></span> <span class='ocrx_word' id='word_1_139' title='bbox 1426 1286 1554 1357; x_wconf 76' lang='lat' dir='ltr'><strong>imrpincs</strong></span> <span class='ocrx_word' id='word_1_140' title='bbox 1579 1285 1708 1356; x_wconf 85' lang='lat' dir='ltr'><strong>pertinent</strong></span> <span class='ocrx_word' id='word_1_141' title='bbox 1730 1285 1800 1355; x_wconf 73' lang='lat' dir='ltr'><strong>praed</strong></span> 
     </span>
     <span class='ocr_line' id='line_1_12' title="bbox 157 1356 1800 1447; baseline -0.013 -18"><span class='ocrx_word' id='word_1_142' title='bbox 157 1384 186 1433; x_wconf 87' lang='lat' dir='ltr'><strong>ct</strong></span> <span class='ocrx_word' id='word_1_143' title='bbox 203 1376 309 1447; x_wconf 80' lang='lat' dir='ltr'><strong>magnis</strong></span> <span class='ocrx_word' id='word_1_144' title='bbox 325 1374 495 1446; x_wconf 77' lang='lat' dir='ltr'><strong>praedicanda</strong></span> <span class='ocrx_word' id='word_1_145' title='bbox 515 1374 668 1445; x_wconf 75' lang='lat' dir='ltr'><strong>praeooniis.</strong></span> <span class='ocrx_word' id='word_1_146' title='bbox 693 1372 846 1442; x_wconf 72' lang='lat' dir='ltr'><strong>irruerrogar</strong></span> <span class='ocrx_word' id='word_1_147' title='bbox 864 1387 880 1426; x_wconf 70' lang='lat' dir='ltr'>a</span> <span class='ocrx_word' id='word_1_148' title='bbox 899 1386 954 1441; x_wconf 73' lang='lat' dir='ltr'><strong>qr..)</strong></span> <span class='ocrx_word' id='word_1_149' title='bbox 1041 1362 1165 1442; x_wconf 63' lang='lat' dir='ltr'><strong>rodmunt</strong></span> <span class='ocrx_word' id='word_1_150' title='bbox 1177 1368 1226 1441; x_wconf 73' lang='lat' dir='ltr'><strong>cst,</strong></span> <span class='ocrx_word' id='word_1_151' title='bbox 1239 1357 1347 1414; x_wconf 76' lang='lat' dir='ltr'><strong>Crescit</strong></span> <span class='ocrx_word' id='word_1_152' title='bbox 1361 1358 1433 1439; x_wconf 73' lang='lat' dir='ltr'><strong>licus</strong></span> <span class='ocrx_word' id='word_1_153' title='bbox 1450 1358 1586 1411; x_wconf 82' lang='lat' dir='ltr'><strong>laominem</strong></span> <span class='ocrx_word' id='word_1_154' title='bbox 1605 1356 1639 1410; x_wconf 88' lang='lat' dir='ltr'><strong>ad</strong></span> <span class='ocrx_word' id='word_1_155' title='bbox 1656 1356 1800 1427; x_wconf 74' lang='lat' dir='ltr'><strong>imaginem</strong></span> 
     </span>
     <span class='ocr_line' id='line_1_13' title="bbox 157 1427 1523 1540; baseline -0.011 -14"><span class='ocrx_word' id='word_1_156' title='bbox 157 1470 351 1540; x_wconf 76' lang='lat' dir='ltr'><strong>interrogatur,</strong></span> <span class='ocrx_word' id='word_1_157' title='bbox 372 1466 489 1522; x_wconf 88' lang='lat' dir='ltr'><strong>consulit</strong></span> <span class='ocrx_word' id='word_1_158' title='bbox 508 1481 524 1520; x_wconf 90' lang='lat' dir='ltr'><strong>a</strong></span> <span class='ocrx_word' id='word_1_159' title='bbox 542 1481 597 1535; x_wconf 81' lang='lat' dir='ltr'><strong>quo</strong></span> <span class='ocrx_word' id='word_1_160' title='bbox 618 1466 777 1529; x_wconf 89' lang='lat' dir='ltr'><strong>consulitur,</strong></span> <span class='ocrx_word' id='word_1_161' title='bbox 802 1464 849 1534; x_wconf 83' lang='lat' dir='ltr'><strong>qui</strong></span> <span class='ocrx_word' id='word_1_162' title='bbox 865 1463 953 1534; x_wconf 73' lang='lat' dir='ltr'><strong>mapi-</strong></span> <span class='ocrx_word' id='word_1_163' title='bbox 1041 1440 1069 1485; x_wconf 69' lang='lat'><strong>‘³‘</strong></span> <span class='ocrx_word' id='word_1_164' title='bbox 1084 1430 1287 1485; x_wconf 56' lang='lat' dir='ltr'><strong>⁸¹⁸¹¹¹¹¹¹⁰d¹¹¹ss¹¹¹</strong></span> <span class='ocrx_word' id='word_1_165' title='bbox 1301 1443 1377 1482; x_wconf 52' lang='grc' dir='ltr'><em>Μ</em></span> <span class='ocrx_word' id='word_1_166' title='bbox 1396 1428 1473 1498; x_wconf 55' lang='lat' dir='ltr'><strong>im·</strong></span> <span class='ocrx_word' id='word_1_167' title='bbox 1492 1427 1523 1496; x_wconf 68' lang='lat' dir='ltr'><strong>&#39;i‘</strong></span> 
     </span>
     <span class='ocr_line' id='line_1_14' title="bbox 158 1536 1802 1630; baseline -0.018 -11"><span class='ocrx_word' id='word_1_168' title='bbox 158 1570 246 1620; x_wconf 89' lang='lat' dir='ltr'><strong>strum</strong></span> <span class='ocrx_word' id='word_1_169' title='bbox 258 1576 288 1618; x_wconf 86' lang='lat' dir='ltr'><strong>se</strong></span> <span class='ocrx_word' id='word_1_170' title='bbox 306 1562 333 1615; x_wconf 86' lang='lat' dir='ltr'><strong>in</strong></span> <span class='ocrx_word' id='word_1_171' title='bbox 347 1557 557 1630; x_wconf 74' lang='lat' dir='ltr'><strong>interpretandis</strong></span> <span class='ocrx_word' id='word_1_172' title='bbox 573 1555 672 1612; x_wconf 80' lang='lat' dir='ltr'><strong>divinis</strong></span> <span class='ocrx_word' id='word_1_173' title='bbox 693 1555 842 1624; x_wconf 87' lang='lat' dir='ltr'><strong>Scripturis</strong></span> <span class='ocrx_word' id='word_1_174' title='bbox 860 1553 953 1619; x_wconf 82' lang='lat' dir='ltr'><strong>sentit,</strong></span> <span class='ocrx_word' id='word_1_175' title='bbox 1041 1542 1069 1597; x_wconf 85' lang='lat' dir='ltr'><strong>ln</strong></span> <span class='ocrx_word' id='word_1_176' title='bbox 1085 1541 1137 1597; x_wconf 81' lang='lat' dir='ltr'><strong>iter</strong></span> <span class='ocrx_word' id='word_1_177' title='bbox 1150 1538 1305 1595; x_wconf 78' lang='lat' dir='ltr'><strong>testimonio</strong></span> <span class='ocrx_word' id='word_1_178' title='bbox 1326 1537 1562 1607; x_wconf 77' lang='lat' dir='ltr'><strong>inconsequenter,</strong></span> <span class='ocrx_word' id='word_1_179' title='bbox 1586 1543 1615 1591; x_wconf 91' lang='lat' dir='ltr'><strong>et</strong></span> <span class='ocrx_word' id='word_1_180' title='bbox 1635 1536 1705 1591; x_wconf 89' lang='lat' dir='ltr'><strong>ultra</strong></span> <span class='ocrx_word' id='word_1_181' title='bbox 1720 1549 1802 1604; x_wconf 83' lang='lat' dir='ltr'><strong>quam</strong></span> 
     </span>
     <span class='ocr_line' id='line_1_15' title="bbox 158 1624 1803 1719; baseline -0.017 -11"><span class='ocrx_word' id='word_1_182' title='bbox 158 1654 187 1709; x_wconf 93' lang='lat' dir='ltr'><strong>in</strong></span> <span class='ocrx_word' id='word_1_183' title='bbox 201 1652 290 1712; x_wconf 83' lang='lat' dir='ltr'><strong>causis</strong></span> <span class='ocrx_word' id='word_1_184' title='bbox 302 1650 363 1706; x_wconf 88' lang='lat' dir='ltr'><strong>tidei</strong></span> <span class='ocrx_word' id='word_1_185' title='bbox 377 1648 524 1706; x_wconf 80' lang='lat' dir='ltr'><strong>reserandi</strong></span> <span class='ocrx_word' id='word_1_186' title='bbox 538 1646 673 1719; x_wconf 87' lang='lat' dir='ltr'><strong>pontilicis</strong></span> <span class='ocrx_word' id='word_1_187' title='bbox 685 1661 716 1701; x_wconf 89' lang='lat' dir='ltr'><strong>sc</strong></span> <span class='ocrx_word' id='word_1_188' title='bbox 725 1643 888 1716; x_wconf 86' lang='lat' dir='ltr'><strong>discipulum</strong></span> <span class='ocrx_word' id='word_1_189' title='bbox 900 1643 954 1698; x_wconf 82' lang='lat' dir='ltr'><strong>mi-</strong></span> <span class='ocrx_word' id='word_1_190' title='bbox 1007 1635 1242 1702; x_wconf 79' lang='lat' dir='ltr'><strong>inconsequenter,</strong></span> <span class='ocrx_word' id='word_1_191' title='bbox 1268 1629 1302 1684; x_wconf 89' lang='lat' dir='ltr'><strong>ab</strong></span> <span class='ocrx_word' id='word_1_192' title='bbox 1315 1628 1368 1684; x_wconf 88' lang='lat' dir='ltr'><strong>illis</strong></span> <span class='ocrx_word' id='word_1_193' title='bbox 1381 1628 1409 1683; x_wconf 90' lang='lat' dir='ltr'><strong>in</strong></span> <span class='ocrx_word' id='word_1_194' title='bbox 1422 1643 1470 1684; x_wconf 86' lang='lat' dir='ltr'><strong>sua</strong></span> <span class='ocrx_word' id='word_1_195' title='bbox 1484 1627 1588 1699; x_wconf 81' lang='lat' dir='ltr'><strong>synodo</strong></span> <span class='ocrx_word' id='word_1_196' title='bbox 1601 1626 1636 1681; x_wconf 93' lang='lat' dir='ltr'><strong>ob</strong></span> <span class='ocrx_word' id='word_1_197' title='bbox 1656 1624 1803 1681; x_wconf 78' lang='lat' dir='ltr'><strong>adoranda·</strong></span> 
     </span>
     <span class='ocr_line' id='line_1_16' title="bbox 159 1723 1803 1808; baseline -0.016 -7"><span class='ocrx_word' id='word_1_198' title='bbox 159 1744 233 1801; x_wconf 88' lang='lat' dir='ltr'><strong>nime</strong></span> <span class='ocrx_word' id='word_1_199' title='bbox 244 1742 397 1801; x_wconf 87' lang='lat' dir='ltr'><strong>erubescit:</strong></span> <span class='ocrx_word' id='word_1_200' title='bbox 408 1748 437 1797; x_wconf 90' lang='lat' dir='ltr'><strong>et</strong></span> <span class='ocrx_word' id='word_1_201' title='bbox 449 1738 494 1795; x_wconf 87' lang='lat' dir='ltr'><strong>cai</strong></span> <span class='ocrx_word' id='word_1_202' title='bbox 504 1753 589 1795; x_wconf 82' lang='lat' dir='ltr'><strong>sacre</strong></span> <span class='ocrx_word' id='word_1_203' title='bbox 599 1737 666 1808; x_wconf 76' lang='lat' dir='ltr'><strong>legis</strong></span> <span class='ocrx_word' id='word_1_204' title='bbox 676 1737 855 1807; x_wconf 72' lang='lat' dir='ltr'><strong>moratorum</strong></span> <span class='ocrx_word' id='word_1_205' title='bbox 867 1751 953 1791; x_wconf 86' lang='lat' dir='ltr'><strong>aeros</strong></span> <span class='ocrx_word' id='word_1_206' title='bbox 1007 1745 1068 1785; x_wconf 90' lang='lat' dir='ltr'><strong>rum</strong></span> <span class='ocrx_word' id='word_1_207' title='bbox 1080 1728 1227 1799; x_wconf 77' lang='lat' dir='ltr'><strong>imaginum</strong></span> <span class='ocrx_word' id='word_1_208' title='bbox 1241 1725 1416 1800; x_wconf 80' lang='lat' dir='ltr'><strong>astruendum</strong></span> <span class='ocrx_word' id='word_1_209' title='bbox 1433 1738 1555 1780; x_wconf 78' lang='lat' dir='ltr'><strong>errorem</strong></span> <span class='ocrx_word' id='word_1_210' title='bbox 1572 1723 1671 1793; x_wconf 81' lang='lat' dir='ltr'><strong>posito,</strong></span> <span class='ocrx_word' id='word_1_211' title='bbox 1687 1737 1740 1777; x_wconf 91' lang='lat' dir='ltr'><strong>non</strong></span> <span class='ocrx_word' id='word_1_212' title='bbox 1755 1737 1803 1776; x_wconf 91' lang='lat' dir='ltr'><strong>no·</strong></span> 
     </span>
     <span class='ocr_line' id='line_1_17' title="bbox 159 1801 1804 1901; baseline -0.013 -13"><span class='ocrx_word' id='word_1_213' title='bbox 159 1831 266 1896; x_wconf 86' lang='lat' dir='ltr'><strong>cnorlat,</strong></span> <span class='ocrx_word' id='word_1_214' title='bbox 281 1839 373 1886; x_wconf 91' lang='lat' dir='ltr'><strong>utrurn</strong></span> <span class='ocrx_word' id='word_1_215' title='bbox 390 1828 544 1901; x_wconf 78' lang='lat' dir='ltr'><strong>hypostasis</strong></span> <span class='ocrx_word' id='word_1_216' title='bbox 558 1828 648 1883; x_wconf 89' lang='lat' dir='ltr'><strong>dicere</strong></span> <span class='ocrx_word' id='word_1_217' title='bbox 660 1827 767 1891; x_wconf 87' lang='lat' dir='ltr'><strong>debeat,</strong></span> <span class='ocrx_word' id='word_1_218' title='bbox 784 1827 915 1895; x_wconf 75' lang='lat' dir='ltr'><strong>quibusve</strong></span> <span class='ocrx_word' id='word_1_219' title='bbox 926 1825 953 1879; x_wconf 91' lang='lat' dir='ltr'><strong>in</strong></span> <span class='ocrx_word' id='word_1_220' title='bbox 967 1801 994 1865; x_wconf 60' lang='grc' dir='ltr'><strong>Β</strong></span> <span class='ocrx_word' id='word_1_221' title='bbox 1006 1828 1064 1875; x_wconf 90' lang='lat' dir='ltr'><strong>stro</strong></span> <span class='ocrx_word' id='word_1_222' title='bbox 1077 1818 1186 1890; x_wconf 77' lang='lat' dir='ltr'><strong>iugenio</strong></span> <span class='ocrx_word' id='word_1_223' title='bbox 1194 1817 1340 1888; x_wconf 90' lang='lat' dir='ltr'><strong>plurimum</strong></span> <span class='ocrx_word' id='word_1_224' title='bbox 1351 1821 1393 1870; x_wconf 86' lang='lat' dir='ltr'><strong>est</strong></span> <span class='ocrx_word' id='word_1_225' title='bbox 1402 1815 1564 1880; x_wconf 89' lang='lat' dir='ltr'><strong>sudandum,</strong></span> <span class='ocrx_word' id='word_1_226' title='bbox 1573 1830 1634 1870; x_wconf 91' lang='lat' dir='ltr'><strong>cum</strong></span> <span class='ocrx_word' id='word_1_227' title='bbox 1646 1822 1685 1869; x_wconf 92' lang='lat' dir='ltr'><strong>tot</strong></span> <span class='ocrx_word' id='word_1_228' title='bbox 1696 1812 1804 1868; x_wconf 88' lang='lat' dir='ltr'><strong>indiciis</strong></span> 
     </span>
     <span class='ocr_line' id='line_1_18' title="bbox 160 1901 1804 1990; baseline -0.015 -10"><span class='ocrx_word' id='word_1_229' title='bbox 160 1922 271 1980; x_wconf 84' lang='lat' dir='ltr'><strong>Oriente</strong></span> <span class='ocrx_word' id='word_1_230' title='bbox 287 1920 498 1984; x_wconf 86' lang='lat' dir='ltr'><strong>communicare,</strong></span> <span class='ocrx_word' id='word_1_231' title='bbox 517 1917 656 1990; x_wconf 76' lang='lat' dir='ltr'><strong>elliogitat.</strong></span> <span class='ocrx_word' id='word_1_232' title='bbox 684 1918 760 1976; x_wconf 88' lang='lat' dir='ltr'><strong>Unde</strong></span> <span class='ocrx_word' id='word_1_233' title='bbox 782 1917 863 1974; x_wconf 90' lang='lat' dir='ltr'><strong>datur</strong></span> <span class='ocrx_word' id='word_1_234' title='bbox 876 1916 955 1974; x_wconf 88' lang='lat' dir='ltr'><strong>intel·</strong></span> <span class='ocrx_word' id='word_1_235' title='bbox 1005 1914 1041 1968; x_wconf 84' lang='lat' dir='ltr'><strong>ab</strong></span> <span class='ocrx_word' id='word_1_236' title='bbox 1054 1926 1148 1967; x_wconf 88' lang='lat' dir='ltr'><strong>eorum</strong></span> <span class='ocrx_word' id='word_1_237' title='bbox 1168 1911 1204 1964; x_wconf 90' lang='lat' dir='ltr'><strong>sit</strong></span> <span class='ocrx_word' id='word_1_238' title='bbox 1215 1906 1364 1964; x_wconf 83' lang='lat' dir='ltr'><strong>assertione</strong></span> <span class='ocrx_word' id='word_1_239' title='bbox 1378 1907 1512 1971; x_wconf 87' lang='lat' dir='ltr'><strong>alienum;</strong></span> <span class='ocrx_word' id='word_1_240' title='bbox 1524 1905 1653 1975; x_wconf 77' lang='lat' dir='ltr'><strong>armniam</strong></span> <span class='ocrx_word' id='word_1_241' title='bbox 1670 1901 1804 1959; x_wconf 88' lang='lat' dir='ltr'><strong>abinalia</strong></span> 
     </span>
     <span class='ocr_line' id='line_1_19' title="bbox 160 1996 1805 2086; baseline -0.012 -17"><span class='ocrx_word' id='word_1_242' title='bbox 160 2015 206 2086; x_wconf 75' lang='lat' dir='ltr'><strong>ligi</strong></span> <span class='ocrx_word' id='word_1_243' title='bbox 219 2021 365 2070; x_wconf 88' lang='lat' dir='ltr'><strong>sanctoset</strong></span> <span class='ocrx_word' id='word_1_244' title='bbox 376 2011 497 2067; x_wconf 90' lang='lat' dir='ltr'><strong>eruditos</strong></span> <span class='ocrx_word' id='word_1_245' title='bbox 508 2009 581 2066; x_wconf 80' lang='lat' dir='ltr'><strong>siros</strong></span> <span class='ocrx_word' id='word_1_246' title='bbox 592 2023 641 2080; x_wconf 89' lang='lat' dir='ltr'><strong>per</strong></span> <span class='ocrx_word' id='word_1_247' title='bbox 653 2010 774 2066; x_wconf 78' lang='lat' dir='ltr'><strong>cirenas</strong></span> <span class='ocrx_word' id='word_1_248' title='bbox 789 2010 883 2065; x_wconf 89' lang='lat' dir='ltr'><strong>mnndi</strong></span> <span class='ocrx_word' id='word_1_249' title='bbox 897 2025 957 2081; x_wconf 87' lang='lat' dir='ltr'><strong>par-</strong></span> <span class='ocrx_word' id='word_1_250' title='bbox 1005 2010 1048 2058; x_wconf 87' lang='lat' dir='ltr'><strong>est</strong></span> <span class='ocrx_word' id='word_1_251' title='bbox 1062 1998 1278 2065; x_wconf 75' lang='lat' dir='ltr'><strong>consimilitudo,</strong></span> <span class='ocrx_word' id='word_1_252' title='bbox 1295 2014 1349 2054; x_wconf 92' lang='lat' dir='ltr'><strong>non</strong></span> <span class='ocrx_word' id='word_1_253' title='bbox 1371 2013 1469 2067; x_wconf 68' lang='lat' dir='ltr'><strong>magica</strong></span> <span class='ocrx_word' id='word_1_254' title='bbox 1482 1998 1509 2052; x_wconf 93' lang='lat' dir='ltr'><strong>in</strong></span> <span class='ocrx_word' id='word_1_255' title='bbox 1526 1997 1705 2054; x_wconf 87' lang='lat' dir='ltr'><strong>discernendo</strong></span> <span class='ocrx_word' id='word_1_256' title='bbox 1718 1996 1805 2052; x_wconf 88' lang='lat' dir='ltr'><strong>oritur</strong></span> 
     </span>
     <span class='ocr_line' id='line_1_20' title="bbox 161 2087 1805 2177; baseline -0.013 -15"><span class='ocrx_word' id='word_1_257' title='bbox 161 2115 202 2161; x_wconf 90' lang='lat' dir='ltr'><strong>tes</strong></span> <span class='ocrx_word' id='word_1_258' title='bbox 213 2103 413 2177; x_wconf 71' lang='lat' dir='ltr'><strong>predicationis</strong></span> <span class='ocrx_word' id='word_1_259' title='bbox 433 2109 461 2158; x_wconf 90' lang='lat' dir='ltr'><strong>et</strong></span> <span class='ocrx_word' id='word_1_260' title='bbox 485 2100 606 2157; x_wconf 79' lang='lat' dir='ltr'><strong>scientie</strong></span> <span class='ocrx_word' id='word_1_261' title='bbox 623 2099 746 2171; x_wconf 86' lang='lat' dir='ltr'><strong>lampade</strong></span> <span class='ocrx_word' id='word_1_262' title='bbox 769 2107 954 2163; x_wconf 86' lang='lat' dir='ltr'><strong>ccrrrseantes,</strong></span> <span class='ocrx_word' id='word_1_263' title='bbox 1006 2090 1164 2162; x_wconf 88' lang='lat' dir='ltr'><strong>disputatio.</strong></span> <span class='ocrx_word' id='word_1_264' title='bbox 1180 2089 1248 2157; x_wconf 82' lang='lat' dir='ltr'><strong>Quia</strong></span> <span class='ocrx_word' id='word_1_265' title='bbox 1262 2104 1328 2160; x_wconf 73' lang='lat' dir='ltr'><strong>erpo</strong></span> <span class='ocrx_word' id='word_1_266' title='bbox 1342 2105 1358 2144; x_wconf 85' lang='lat' dir='ltr'><strong>a</strong></span> <span class='ocrx_word' id='word_1_267' title='bbox 1370 2088 1445 2143; x_wconf 93' lang='lat' dir='ltr'><strong>nullo</strong></span> <span class='ocrx_word' id='word_1_268' title='bbox 1456 2088 1483 2143; x_wconf 92' lang='lat' dir='ltr'><strong>in</strong></span> <span class='ocrx_word' id='word_1_269' title='bbox 1497 2103 1551 2159; x_wconf 83' lang='lat' dir='ltr'><strong>quc</strong></span> <span class='ocrx_word' id='word_1_270' title='bbox 1567 2103 1640 2143; x_wconf 88' lang='lat' dir='ltr'><strong>sanae</strong></span> <span class='ocrx_word' id='word_1_271' title='bbox 1655 2087 1754 2142; x_wconf 85' lang='lat' dir='ltr'><strong>ruentis</strong></span> <span class='ocrx_word' id='word_1_272' title='bbox 1766 2087 1805 2141; x_wconf 84' lang='lat' dir='ltr'><strong>ri·</strong></span> 
     </span>
     <span class='ocr_line' id='line_1_21' title="bbox 160 2178 1804 2257; baseline -0.011 -7"><span class='ocrx_word' id='word_1_273' title='bbox 160 2212 215 2253; x_wconf 89' lang='lat' dir='ltr'><strong>narr</strong></span> <span class='ocrx_word' id='word_1_274' title='bbox 228 2195 315 2252; x_wconf 85' lang='lat' dir='ltr'><strong>solum</strong></span> <span class='ocrx_word' id='word_1_275' title='bbox 325 2211 341 2251; x_wconf 91' lang='lat' dir='ltr'><strong>a</strong></span> <span class='ocrx_word' id='word_1_276' title='bbox 353 2203 445 2251; x_wconf 86' lang='lat' dir='ltr'><strong>sancta</strong></span> <span class='ocrx_word' id='word_1_277' title='bbox 461 2194 583 2250; x_wconf 80' lang='lat' dir='ltr'><strong>Romana</strong></span> <span class='ocrx_word' id='word_1_278' title='bbox 598 2193 718 2249; x_wconf 75' lang='lat' dir='ltr'><strong>Ecclesia</strong></span> <span class='ocrx_word' id='word_1_279' title='bbox 734 2208 786 2248; x_wconf 88' lang='lat' dir='ltr'><strong>non</strong></span> <span class='ocrx_word' id='word_1_280' title='bbox 800 2191 954 2256; x_wconf 76' lang='lat' dir='ltr'><strong>recessisse,</strong></span> <span class='ocrx_word' id='word_1_281' title='bbox 1006 2192 1052 2257; x_wconf 76' lang='lat' dir='ltr'><strong>get</strong></span> <span class='ocrx_word' id='word_1_282' title='bbox 1063 2199 1188 2248; x_wconf 87' lang='lat' dir='ltr'><strong>acmncn,</strong></span> <span class='ocrx_word' id='word_1_283' title='bbox 1200 2182 1238 2238; x_wconf 93' lang='lat' dir='ltr'><strong>ilii</strong></span> <span class='ocrx_word' id='word_1_284' title='bbox 1256 2182 1295 2237; x_wconf 88' lang='lat' dir='ltr'><strong>rei</strong></span> <span class='ocrx_word' id='word_1_285' title='bbox 1309 2181 1430 2238; x_wconf 87' lang='lat' dir='ltr'><strong>creditur</strong></span> <span class='ocrx_word' id='word_1_286' title='bbox 1439 2181 1575 2252; x_wconf 80' lang='lat' dir='ltr'><strong>pertinere</strong></span> <span class='ocrx_word' id='word_1_287' title='bbox 1589 2180 1631 2236; x_wconf 87' lang='lat' dir='ltr'><strong>cui</strong></span> <span class='ocrx_word' id='word_1_288' title='bbox 1645 2180 1683 2235; x_wconf 91' lang='lat' dir='ltr'><strong>illi</strong></span> <span class='ocrx_word' id='word_1_289' title='bbox 1698 2183 1750 2234; x_wconf 91' lang='lat' dir='ltr'><strong>boc</strong></span> <span class='ocrx_word' id='word_1_290' title='bbox 1764 2178 1804 2233; x_wconf 89' lang='lat' dir='ltr'><strong>ni-</strong></span> 
     </span>
     <span class='ocr_line' id='line_1_22' title="bbox 161 2268 1804 2355; baseline -0.013 -12"><span class='ocrx_word' id='word_1_291' title='bbox 161 2286 304 2348; x_wconf 84' lang='lat' dir='ltr'><strong>sedetiam</strong></span> <span class='ocrx_word' id='word_1_292' title='bbox 320 2294 440 2355; x_wconf 87' lang='lat' dir='ltr'><strong>ternpore</strong></span> <span class='ocrx_word' id='word_1_293' title='bbox 451 2284 622 2340; x_wconf 84' lang='lat' dir='ltr'><strong>necessitatis</strong></span> <span class='ocrx_word' id='word_1_294' title='bbox 634 2284 670 2339; x_wconf 93' lang='lat' dir='ltr'><strong>ob</strong></span> <span class='ocrx_word' id='word_1_295' title='bbox 681 2283 742 2339; x_wconf 88' lang='lat' dir='ltr'><strong>ildei</strong></span> <span class='ocrx_word' id='word_1_296' title='bbox 757 2281 957 2339; x_wconf 85' lang='lat' dir='ltr'><strong>corroboratio·</strong></span> <span class='ocrx_word' id='word_1_297' title='bbox 1006 2285 1102 2333; x_wconf 89' lang='lat' dir='ltr'><strong>turtur</strong></span> <span class='ocrx_word' id='word_1_298' title='bbox 1115 2274 1331 2338; x_wconf 88' lang='lat' dir='ltr'><strong>accommodare,</strong></span> <span class='ocrx_word' id='word_1_299' title='bbox 1351 2274 1399 2330; x_wconf 89' lang='lat' dir='ltr'><strong>scd</strong></span> <span class='ocrx_word' id='word_1_300' title='bbox 1423 2272 1545 2344; x_wconf 88' lang='lat' dir='ltr'><strong>spiritale</strong></span> <span class='ocrx_word' id='word_1_301' title='bbox 1567 2271 1669 2326; x_wconf 88' lang='lat' dir='ltr'><strong>dictum</strong></span> <span class='ocrx_word' id='word_1_302' title='bbox 1690 2268 1804 2341; x_wconf 89' lang='lat' dir='ltr'><strong>spiritali</strong></span> 
     </span>
     <span class='ocr_line' id='line_1_23' title="bbox 161 2359 1806 2446; baseline -0.011 -14"><span class='ocrx_word' id='word_1_303' title='bbox 161 2391 223 2432; x_wconf 87' lang='lat' dir='ltr'><strong>nem</strong></span> <span class='ocrx_word' id='word_1_304' title='bbox 241 2376 277 2432; x_wconf 91' lang='lat' dir='ltr'><strong>ab</strong></span> <span class='ocrx_word' id='word_1_305' title='bbox 293 2390 325 2431; x_wconf 84' lang='lat' dir='ltr'><strong>ea</strong></span> <span class='ocrx_word' id='word_1_306' title='bbox 342 2374 506 2444; x_wconf 80' lang='lat' dir='ltr'><strong>adjutorium</strong></span> <span class='ocrx_word' id='word_1_307' title='bbox 517 2375 686 2446; x_wconf 76' lang='lat' dir='ltr'><strong>implorasse.</strong></span> <span class='ocrx_word' id='word_1_308' title='bbox 699 2373 955 2446; x_wconf 71' lang='lat' dir='ltr'><strong>Quodregalnriter,</strong></span> <span class='ocrx_word' id='word_1_309' title='bbox 1006 2367 1195 2425; x_wconf 84' lang='lat' dir='ltr'><strong>disserendam</strong></span> <span class='ocrx_word' id='word_1_310' title='bbox 1214 2374 1257 2440; x_wconf 86' lang='lat' dir='ltr'><strong>est</strong></span> <span class='ocrx_word' id='word_1_311' title='bbox 1269 2364 1451 2437; x_wconf 75' lang='lat' dir='ltr'><strong>indagatione,</strong></span> <span class='ocrx_word' id='word_1_312' title='bbox 1476 2371 1561 2419; x_wconf 90' lang='lat' dir='ltr'><strong>restat</strong></span> <span class='ocrx_word' id='word_1_313' title='bbox 1582 2371 1612 2417; x_wconf 93' lang='lat' dir='ltr'><strong>ut</strong></span> <span class='ocrx_word' id='word_1_314' title='bbox 1635 2359 1751 2431; x_wconf 82' lang='lat' dir='ltr'><strong>quidde</strong></span> <span class='ocrx_word' id='word_1_315' title='bbox 1773 2374 1806 2414; x_wconf 87' lang='lat' dir='ltr'><strong>ec</strong></span> 
     </span>
     <span class='ocr_line' id='line_1_24' title="bbox 161 2453 1806 2536; baseline -0.008 -15"><span class='ocrx_word' id='word_1_316' title='bbox 161 2475 192 2521; x_wconf 91' lang='lat' dir='ltr'><strong>ut</strong></span> <span class='ocrx_word' id='word_1_317' title='bbox 204 2464 309 2536; x_wconf 70' lang='lat' dir='ltr'><strong>praelati</strong></span> <span class='ocrx_word' id='word_1_318' title='bbox 323 2479 418 2520; x_wconf 86' lang='lat' dir='ltr'><strong>sumus</strong></span> <span class='ocrx_word' id='word_1_319' title='bbox 430 2472 458 2520; x_wconf 92' lang='lat' dir='ltr'><strong>et</strong></span> <span class='ocrx_word' id='word_1_320' title='bbox 473 2465 606 2536; x_wconf 78' lang='lat' dir='ltr'><strong>exemplis</strong></span> <span class='ocrx_word' id='word_1_321' title='bbox 618 2465 771 2530; x_wconf 90' lang='lat' dir='ltr'><strong>docuimus,</strong></span> <span class='ocrx_word' id='word_1_322' title='bbox 793 2480 888 2521; x_wconf 90' lang='lat' dir='ltr'><strong>omnes</strong></span> <span class='ocrx_word' id='word_1_323' title='bbox 909 2480 956 2520; x_wconf 89' lang='lat' dir='ltr'><strong>ca·</strong></span> <span class='ocrx_word' id='word_1_324' title='bbox 1006 2469 1163 2520; x_wconf 86' lang='lat' dir='ltr'><strong>sanctorum</strong></span> <span class='ocrx_word' id='word_1_325' title='bbox 1176 2462 1287 2517; x_wconf 87' lang='lat' dir='ltr'><strong>Petrum</strong></span> <span class='ocrx_word' id='word_1_326' title='bbox 1300 2458 1445 2530; x_wconf 88' lang='lat' dir='ltr'><strong>protulerit</strong></span> <span class='ocrx_word' id='word_1_327' title='bbox 1461 2457 1558 2529; x_wconf 74' lang='lat' dir='ltr'><strong>sapias,</strong></span> <span class='ocrx_word' id='word_1_328' title='bbox 1578 2453 1806 2512; x_wconf 82' lang='lat' dir='ltr'><strong>seruentialibre·</strong></span> 
     </span>
     <span class='ocr_line' id='line_1_25' title="bbox 162 2541 1807 2627; baseline -0.007 -14"><span class='ocrx_word' id='word_1_329' title='bbox 162 2557 269 2613; x_wconf 76' lang='lat' dir='ltr'><strong>notice</strong></span> <span class='ocrx_word' id='word_1_330' title='bbox 294 2557 394 2613; x_wconf 73' lang='lat' dir='ltr'><strong>debean</strong></span> <span class='ocrx_word' id='word_1_331' title='bbox 412 2558 558 2613; x_wconf 79' lang='lat' dir='ltr'><strong>observare</strong></span> <span class='ocrx_word' id='word_1_332' title='bbox 582 2556 720 2622; x_wconf 70' lang='lat' dir='ltr'><strong>Ecclesire,</strong></span> <span class='ocrx_word' id='word_1_333' title='bbox 739 2564 768 2611; x_wconf 92' lang='lat' dir='ltr'><strong>ot</strong></span> <span class='ocrx_word' id='word_1_334' title='bbox 790 2557 825 2611; x_wconf 91' lang='lat' dir='ltr'><strong>ab</strong></span> <span class='ocrx_word' id='word_1_335' title='bbox 847 2571 880 2613; x_wconf 85' lang='lat' dir='ltr'><strong>ea</strong></span> <span class='ocrx_word' id='word_1_336' title='bbox 897 2563 958 2627; x_wconf 85' lang='lat' dir='ltr'><strong>post</strong></span> <span class='ocrx_word' id='word_1_337' title='bbox 1007 2559 1092 2613; x_wconf 85' lang='lat' dir='ltr'><strong>ritate</strong></span> <span class='ocrx_word' id='word_1_338' title='bbox 1105 2565 1247 2612; x_wconf 83' lang='lat' dir='ltr'><strong>autentus:</strong></span> <span class='ocrx_word' id='word_1_339' title='bbox 1268 2563 1402 2625; x_wconf 84' lang='lat' dir='ltr'><strong>qrraterms</strong></span> <span class='ocrx_word' id='word_1_340' title='bbox 1413 2541 1485 2623; x_wconf 76' lang='lat' dir='ltr'><strong>qnod</strong></span> <span class='ocrx_word' id='word_1_341' title='bbox 1500 2552 1534 2608; x_wconf 87' lang='lat' dir='ltr'><strong>ab</strong></span> <span class='ocrx_word' id='word_1_342' title='bbox 1551 2551 1607 2606; x_wconf 90' lang='lat' dir='ltr'><strong>illis</strong></span> <span class='ocrx_word' id='word_1_343' title='bbox 1620 2559 1662 2606; x_wconf 87' lang='lat' dir='ltr'><strong>cst</strong></span> <span class='ocrx_word' id='word_1_344' title='bbox 1673 2548 1807 2621; x_wconf 78' lang='lat' dir='ltr'><strong>negligen-</strong></span> 
     </span>
     <span class='ocr_line' id='line_1_26' title="bbox 162 2641 1807 2720; baseline -0.009 -11"><span class='ocrx_word' id='word_1_345' title='bbox 162 2648 302 2708; x_wconf 81' lang='lat' dir='ltr'><strong>Christum</strong></span> <span class='ocrx_word' id='word_1_346' title='bbox 319 2648 354 2703; x_wconf 85' lang='lat' dir='ltr'><strong>ad</strong></span> <span class='ocrx_word' id='word_1_347' title='bbox 372 2646 546 2703; x_wconf 76' lang='lat' dir='ltr'><strong>muniendam</strong></span> <span class='ocrx_word' id='word_1_348' title='bbox 566 2646 648 2702; x_wconf 88' lang='lat' dir='ltr'><strong>iidem</strong></span> <span class='ocrx_word' id='word_1_349' title='bbox 667 2646 831 2717; x_wconf 75' lang='lat' dir='ltr'><strong>aeliutoriunr</strong></span> <span class='ocrx_word' id='word_1_350' title='bbox 845 2654 956 2716; x_wconf 84' lang='lat' dir='ltr'><strong>petant:</strong></span> <span class='ocrx_word' id='word_1_351' title='bbox 1008 2657 1052 2705; x_wconf 91' lang='lat' dir='ltr'><strong>ter</strong></span> <span class='ocrx_word' id='word_1_352' title='bbox 1070 2655 1245 2720; x_wconf 86' lang='lat' dir='ltr'><strong>usurpatum,</strong></span> <span class='ocrx_word' id='word_1_353' title='bbox 1267 2654 1296 2702; x_wconf 90' lang='lat' dir='ltr'><strong>et</strong></span> <span class='ocrx_word' id='word_1_354' title='bbox 1314 2647 1411 2702; x_wconf 84' lang='lat' dir='ltr'><strong>ariris</strong></span> <span class='ocrx_word' id='word_1_355' title='bbox 1432 2643 1634 2700; x_wconf 71' lang='lat' dir='ltr'><strong>venerabilibus</strong></span> <span class='ocrx_word' id='word_1_356' title='bbox 1653 2651 1681 2699; x_wconf 91' lang='lat' dir='ltr'><strong>ct</strong></span> <span class='ocrx_word' id='word_1_357' title='bbox 1705 2641 1807 2713; x_wconf 80' lang='lat' dir='ltr'><strong>Spiritu</strong></span> 
     </span>
     <span class='ocr_line' id='line_1_27' title="bbox 161 2732 1808 2811; baseline -0.015 0"><span class='ocrx_word' id='word_1_358' title='bbox 161 2755 223 2811; x_wconf 60' lang='grc' dir='ltr'><strong>Μ</strong></span> <span class='ocrx_word' id='word_1_359' title='bbox 235 2754 289 2795; x_wconf 74' lang='lat'><strong>¹²⁰⁰</strong></span> <span class='ocrx_word' id='word_1_360' title='bbox 299 2739 403 2794; x_wconf 60' lang='lat' dir='ltr'><strong>hiim</strong></span> <span class='ocrx_word' id='word_1_361' title='bbox 413 2737 556 2802; x_wconf 65' lang='lat' dir='ltr'><strong>meulent</strong></span> <span class='ocrx_word' id='word_1_362' title='bbox 569 2752 619 2793; x_wconf 61' lang='lat'><strong>¹¹00</strong></span> <span class='ocrx_word' id='word_1_363' title='bbox 631 2745 771 2809; x_wconf 73' lang='lat' dir='ltr'><strong>rugamet</strong></span> <span class='ocrx_word' id='word_1_364' title='bbox 783 2745 957 2808; x_wconf 64' lang='lat' dir='ltr'><strong>Wlfflitleee</strong></span> <span class='ocrx_word' id='word_1_365' title='bbox 1008 2750 1103 2798; x_wconf 88' lang='lat' dir='ltr'><strong>sancto</strong></span> <span class='ocrx_word' id='word_1_366' title='bbox 1120 2739 1231 2811; x_wconf 87' lang='lat' dir='ltr'><strong>repletis</strong></span> <span class='ocrx_word' id='word_1_367' title='bbox 1249 2737 1428 2810; x_wconf 89' lang='lat' dir='ltr'><strong>spiritualiter</strong></span> <span class='ocrx_word' id='word_1_368' title='bbox 1440 2736 1589 2808; x_wconf 87' lang='lat' dir='ltr'><strong>prolatum,</strong></span> <span class='ocrx_word' id='word_1_369' title='bbox 1605 2734 1715 2790; x_wconf 85' lang='lat' dir='ltr'><strong>lectoris</strong></span> <span class='ocrx_word' id='word_1_370' title='bbox 1729 2732 1808 2789; x_wconf 89' lang='lat' dir='ltr'><strong>indu·</strong></span> 
     </span>
     <span class='ocr_line' id='line_1_28' title="bbox 162 2821 1808 2900; baseline -0.006 -14"><span class='ocrx_word' id='word_1_371' title='bbox 162 2829 297 2886; x_wconf 74' lang='lat' dir='ltr'><strong>heresum</strong></span> <span class='ocrx_word' id='word_1_372' title='bbox 317 2827 406 2898; x_wconf 72' lang='lat' dir='ltr'><strong>capita</strong></span> <span class='ocrx_word' id='word_1_373' title='bbox 424 2828 522 2891; x_wconf 89' lang='lat' dir='ltr'><strong>caleat,</strong></span> <span class='ocrx_word' id='word_1_374' title='bbox 546 2836 575 2883; x_wconf 88' lang='lat' dir='ltr'><strong>et</strong></span> <span class='ocrx_word' id='word_1_375' title='bbox 595 2827 714 2884; x_wconf 81' lang='lat' dir='ltr'><strong>lidebum</strong></span> <span class='ocrx_word' id='word_1_376' title='bbox 729 2836 835 2885; x_wconf 69' lang='lat' dir='ltr'><strong>mentm</strong></span> <span class='ocrx_word' id='word_1_377' title='bbox 856 2829 884 2883; x_wconf 92' lang='lat' dir='ltr'><strong>in</strong></span> <span class='ocrx_word' id='word_1_378' title='bbox 905 2827 958 2884; x_wconf 79' lang='lat' dir='ltr'><strong>ilde</strong></span> <span class='ocrx_word' id='word_1_379' title='bbox 1008 2830 1076 2887; x_wconf 88' lang='lat' dir='ltr'><strong>stria</strong></span> <span class='ocrx_word' id='word_1_380' title='bbox 1089 2830 1126 2886; x_wconf 91' lang='lat' dir='ltr'><strong>sit</strong></span> <span class='ocrx_word' id='word_1_381' title='bbox 1139 2828 1282 2900; x_wconf 72' lang='lat' dir='ltr'><strong>diligenter</strong></span> <span class='ocrx_word' id='word_1_382' title='bbox 1299 2834 1449 2898; x_wconf 79' lang='lat' dir='ltr'><strong>acceptum.</strong></span> <span class='ocrx_word' id='word_1_383' title='bbox 1473 2824 1519 2880; x_wconf 77' lang='lat' dir='ltr'><strong>Ait</strong></span> <span class='ocrx_word' id='word_1_384' title='bbox 1531 2825 1604 2881; x_wconf 90' lang='lat' dir='ltr'><strong>enim</strong></span> <span class='ocrx_word' id='word_1_385' title='bbox 1626 2825 1722 2880; x_wconf 90' lang='lat' dir='ltr'><strong>beatus</strong></span> <span class='ocrx_word' id='word_1_386' title='bbox 1741 2821 1808 2877; x_wconf 83' lang='lat' dir='ltr'><strong>dm-</strong></span> 
     </span>
     <span class='ocr_line' id='line_1_29' title="bbox 162 2913 1808 2992; baseline -0.007 -13"><span class='ocrx_word' id='word_1_387' title='bbox 162 2920 333 2976; x_wconf 76' lang='lat' dir='ltr'><strong>comburat.</strong></span> <span class='ocrx_word' id='word_1_388' title='bbox 347 2917 458 2988; x_wconf 72' lang='lat' dir='ltr'><strong>deuius</strong></span> <span class='ocrx_word' id='word_1_389' title='bbox 468 2927 560 2975; x_wconf 64' lang='lat' dir='ltr'><strong>uncta</strong></span> <span class='ocrx_word' id='word_1_390' title='bbox 571 2919 759 2976; x_wconf 85' lang='lat' dir='ltr'><strong>etreaeranda</strong></span> <span class='ocrx_word' id='word_1_391' title='bbox 769 2919 959 2976; x_wconf 84' lang='lat' dir='ltr'><strong>communione</strong></span> <span class='ocrx_word' id='word_1_392' title='bbox 1008 2923 1133 2980; x_wconf 88' lang='lat' dir='ltr'><strong>brosius:</strong></span> <span class='ocrx_word' id='word_1_393' title='bbox 1149 2921 1193 2976; x_wconf 86' lang='lat' dir='ltr'><strong>rla</strong></span> <span class='ocrx_word' id='word_1_394' title='bbox 1204 2919 1338 2992; x_wconf 89' lang='lat' dir='ltr'><strong>principio</strong></span> <span class='ocrx_word' id='word_1_395' title='bbox 1350 2919 1435 2990; x_wconf 92' lang='lat' dir='ltr'><strong>ipsius</strong></span> <span class='ocrx_word' id='word_1_396' title='bbox 1446 2917 1539 2972; x_wconf 89' lang='lat' dir='ltr'><strong>murrdi</strong></span> <span class='ocrx_word' id='word_1_397' title='bbox 1550 2914 1658 2971; x_wconf 82' lang='lat' dir='ltr'><strong>Patrem</strong></span> <span class='ocrx_word' id='word_1_398' title='bbox 1668 2924 1695 2969; x_wconf 91' lang='lat' dir='ltr'><strong>et</strong></span> <span class='ocrx_word' id='word_1_399' title='bbox 1708 2913 1808 2969; x_wconf 84' lang='lat' dir='ltr'><strong>Filium</strong></span> 
     </span>
     <span class='ocr_line' id='line_1_30' title="bbox 163 3005 1806 3083; baseline -0.007 -13"><span class='ocrx_word' id='word_1_400' title='bbox 163 3011 256 3070; x_wconf 80' lang='lat' dir='ltr'><strong>meltis</strong></span> <span class='ocrx_word' id='word_1_401' title='bbox 273 3011 462 3068; x_wconf 73' lang='lat' dir='ltr'><strong>mcedeabbm</strong></span> <span class='ocrx_word' id='word_1_402' title='bbox 481 3018 581 3067; x_wconf 78' lang='lat' dir='ltr'><strong>nostrre</strong></span> <span class='ocrx_word' id='word_1_403' title='bbox 600 3018 693 3068; x_wconf 77' lang='lat' dir='ltr'><strong>maren</strong></span> <span class='ocrx_word' id='word_1_404' title='bbox 711 3011 799 3083; x_wconf 87' lang='lat' dir='ltr'><strong>partis</strong></span> <span class='ocrx_word' id='word_1_405' title='bbox 820 3025 958 3082; x_wconf 70' lang='lat' dir='ltr'><strong>nunmrarn</strong></span> <span class='ocrx_word' id='word_1_406' title='bbox 1009 3012 1172 3077; x_wconf 76' lang='lat' dir='ltr'><strong>emeandio,</strong></span> <span class='ocrx_word' id='word_1_407' title='bbox 1184 3019 1211 3066; x_wconf 91' lang='lat' dir='ltr'><strong>et</strong></span> <span class='ocrx_word' id='word_1_408' title='bbox 1224 3025 1307 3066; x_wconf 90' lang='lat' dir='ltr'><strong>unam</strong></span> <span class='ocrx_word' id='word_1_409' title='bbox 1325 3024 1394 3081; x_wconf 90' lang='lat' dir='ltr'><strong>opus</strong></span> <span class='ocrx_word' id='word_1_410' title='bbox 1408 3023 1511 3065; x_wconf 85' lang='lat' dir='ltr'><strong>cerno:</strong></span> <span class='ocrx_word' id='word_1_411' title='bbox 1533 3008 1613 3062; x_wconf 89' lang='lat' dir='ltr'><strong>aurlio</strong></span> <span class='ocrx_word' id='word_1_412' title='bbox 1632 3005 1806 3076; x_wconf 87' lang='lat' dir='ltr'><strong>loquentem,</strong></span> 
     </span>
     <span class='ocr_line' id='line_1_31' title="bbox 164 3096 1810 3176; baseline -0.007 -15"><span class='ocrx_word' id='word_1_413' title='bbox 164 3103 279 3160; x_wconf 89' lang='lat' dir='ltr'><strong>recessit</strong></span> <span class='ocrx_word' id='word_1_414' title='bbox 294 3102 426 3169; x_wconf 80' lang='lat' dir='ltr'><strong>Ecclesia,</strong></span> <span class='ocrx_word' id='word_1_415' title='bbox 446 3103 493 3159; x_wconf 89' lang='lat' dir='ltr'><strong>scd</strong></span> <span class='ocrx_word' id='word_1_416' title='bbox 513 3118 545 3159; x_wconf 83' lang='lat' dir='ltr'><strong>sa</strong></span> <span class='ocrx_word' id='word_1_417' title='bbox 567 3101 716 3173; x_wconf 83' lang='lat' dir='ltr'><strong>apostolica</strong></span> <span class='ocrx_word' id='word_1_418' title='bbox 742 3103 895 3160; x_wconf 87' lang='lat' dir='ltr'><strong>eruditione</strong></span> <span class='ocrx_word' id='word_1_419' title='bbox 917 3103 958 3159; x_wconf 90' lang='lat' dir='ltr'><strong>in·</strong></span> <span class='ocrx_word' id='word_1_420' title='bbox 1008 3119 1127 3176; x_wconf 81' lang='lat' dir='ltr'><strong>agnosco</strong></span> <span class='ocrx_word' id='word_1_421' title='bbox 1139 3101 1295 3167; x_wconf 73' lang='lat' dir='ltr'><strong>facientem,</strong></span> <span class='ocrx_word' id='word_1_422' title='bbox 1310 3099 1358 3156; x_wconf 90' lang='lat' dir='ltr'><strong>scd</strong></span> <span class='ocrx_word' id='word_1_423' title='bbox 1372 3098 1501 3155; x_wconf 83' lang='lat' dir='ltr'><strong>etPatris</strong></span> <span class='ocrx_word' id='word_1_424' title='bbox 1521 3105 1549 3153; x_wconf 92' lang='lat' dir='ltr'><strong>et</strong></span> <span class='ocrx_word' id='word_1_425' title='bbox 1563 3096 1625 3153; x_wconf 82' lang='lat' dir='ltr'><strong>Filii</strong></span> <span class='ocrx_word' id='word_1_426' title='bbox 1645 3113 1726 3151; x_wconf 88' lang='lat' dir='ltr'><strong>unam</strong></span> <span class='ocrx_word' id='word_1_427' title='bbox 1741 3096 1810 3151; x_wconf 88' lang='lat' dir='ltr'><strong>iraa-</strong></span> 
     </span>
     <span class='ocr_line' id='line_1_32' title="bbox 163 3187 1810 3272; baseline -0.001 -25"><span class='ocrx_word' id='word_1_428' title='bbox 163 3199 337 3258; x_wconf 69' lang='lat' dir='ltr'><strong>struentem</strong></span> <span class='ocrx_word' id='word_1_429' title='bbox 351 3206 384 3248; x_wconf 86' lang='lat' dir='ltr'><strong>ee</strong></span> <span class='ocrx_word' id='word_1_430' title='bbox 400 3209 417 3248; x_wconf 85' lang='lat' dir='ltr'><strong>o</strong></span> <span class='ocrx_word' id='word_1_431' title='bbox 436 3208 488 3263; x_wconf 78' lang='lat' dir='ltr'><strong>pso</strong></span> <span class='ocrx_word' id='word_1_432' title='bbox 508 3199 547 3247; x_wconf 80' lang='lat' dir='ltr'><strong>est</strong></span> <span class='ocrx_word' id='word_1_433' title='bbox 565 3208 642 3248; x_wconf 80' lang='lat' dir='ltr'><strong>omne</strong></span> <span class='ocrx_word' id='word_1_434' title='bbox 663 3192 763 3248; x_wconf 80' lang='lat' dir='ltr'><strong>donaro</strong></span> <span class='ocrx_word' id='word_1_435' title='bbox 782 3193 908 3264; x_wconf 83' lang='lat' dir='ltr'><strong>optimam</strong></span> <span class='ocrx_word' id='word_1_436' title='bbox 932 3202 957 3247; x_wconf 83' lang='lat' dir='ltr'><strong>et</strong></span> <span class='ocrx_word' id='word_1_437' title='bbox 1010 3200 1113 3272; x_wconf 73' lang='lat' dir='ltr'><strong>ginenr,</strong></span> <span class='ocrx_word' id='word_1_438' title='bbox 1141 3210 1222 3252; x_wconf 88' lang='lat' dir='ltr'><strong>unam</strong></span> <span class='ocrx_word' id='word_1_439' title='bbox 1250 3192 1454 3251; x_wconf 87' lang='lat' dir='ltr'><strong>similitudinem</strong></span> <span class='ocrx_word' id='word_1_440' title='bbox 1480 3191 1559 3262; x_wconf 79' lang='lat' dir='ltr'><strong>lepc:</strong></span> <span class='ocrx_word' id='word_1_441' title='bbox 1585 3187 1734 3245; x_wconf 90' lang='lat' dir='ltr'><strong>similitudo</strong></span> <span class='ocrx_word' id='word_1_442' title='bbox 1751 3188 1810 3245; x_wconf 81' lang='lat' dir='ltr'><strong>trac</strong></span> 
     </span>
     <span class='ocr_line' id='line_1_33' title="bbox 163 3279 1810 3356; baseline -0.015 2"><span class='ocrx_word' id='word_1_443' title='bbox 163 3301 240 3340; x_wconf 63' lang='lat' dir='ltr'><em>W</em></span> <span class='ocrx_word' id='word_1_444' title='bbox 257 3284 350 3339; x_wconf 49' lang='grc' dir='ltr'><strong>ΜΨ</strong></span> <span class='ocrx_word' id='word_1_445' title='bbox 366 3282 508 3355; x_wconf 57' lang='lat' dir='ltr'><strong>infimum</strong></span> <span class='ocrx_word' id='word_1_446' title='bbox 528 3283 632 3356; x_wconf 63' lang='lat' dir='ltr'><strong>limi·</strong></span> <span class='ocrx_word' id='word_1_447' title='bbox 646 3284 669 3351; x_wconf 81' lang='lat'><strong>¹)</strong></span> <span class='ocrx_word' id='word_1_448' title='bbox 687 3286 834 3350; x_wconf 89' lang='lat' dir='ltr'><strong>tribuente,</strong></span> <span class='ocrx_word' id='word_1_449' title='bbox 853 3300 961 3356; x_wconf 70' lang='lat' dir='ltr'><strong>semper</strong></span> <span class='ocrx_word' id='word_1_450' title='bbox 1011 3306 1066 3347; x_wconf 88' lang='lat' dir='ltr'><strong>aon</strong></span> <span class='ocrx_word' id='word_1_451' title='bbox 1083 3286 1259 3352; x_wconf 79' lang='lat' dir='ltr'><strong>diversitatis,</strong></span> <span class='ocrx_word' id='word_1_452' title='bbox 1275 3283 1323 3341; x_wconf 89' lang='lat' dir='ltr'><strong>sed</strong></span> <span class='ocrx_word' id='word_1_453' title='bbox 1335 3282 1448 3339; x_wconf 90' lang='lat' dir='ltr'><strong>unitatis</strong></span> <span class='ocrx_word' id='word_1_454' title='bbox 1459 3289 1511 3339; x_wconf 89' lang='lat' dir='ltr'><strong>est.</strong></span> <span class='ocrx_word' id='word_1_455' title='bbox 1524 3281 1583 3338; x_wconf 82' lang='lat' dir='ltr'><strong>non</strong></span> <span class='ocrx_word' id='word_1_456' title='bbox 1598 3279 1670 3336; x_wconf 89' lang='lat' dir='ltr'><strong>eninr</strong></span> <span class='ocrx_word' id='word_1_457' title='bbox 1683 3281 1763 3336; x_wconf 90' lang='lat' dir='ltr'><strong>bomo</strong></span> <span class='ocrx_word' id='word_1_458' title='bbox 1775 3279 1810 3335; x_wconf 90' lang='lat' dir='ltr'><strong>ad</strong></span> 
     </span>
     <span class='ocr_line' id='line_1_34' title="bbox 164 3373 1808 3453; baseline -0.002 -23"><span class='ocrx_word' id='word_1_459' title='bbox 164 3373 283 3444; x_wconf 87' lang='lat' dir='ltr'><strong>suscepit</strong></span> <span class='ocrx_word' id='word_1_460' title='bbox 300 3373 448 3430; x_wconf 84' lang='lat' dir='ltr'><strong>reverenda</strong></span> <span class='ocrx_word' id='word_1_461' title='bbox 464 3374 640 3432; x_wconf 82' lang='lat' dir='ltr'><strong>charismata.</strong></span> <span class='ocrx_word' id='word_1_462' title='bbox 662 3375 728 3444; x_wconf 76' lang='lat' dir='ltr'><strong>Quas</strong></span> <span class='ocrx_word' id='word_1_463' title='bbox 750 3377 813 3433; x_wconf 88' lang='lat' dir='ltr'><strong>dnm</strong></span> <span class='ocrx_word' id='word_1_464' title='bbox 831 3392 848 3432; x_wconf 92' lang='lat' dir='ltr'><strong>a</strong></span> <span class='ocrx_word' id='word_1_465' title='bbox 866 3378 961 3448; x_wconf 85' lang='lat' dir='ltr'><strong>primis</strong></span> <span class='ocrx_word' id='word_1_466' title='bbox 1011 3381 1157 3453; x_wconf 76' lang='lat' dir='ltr'><strong>imaginem</strong></span> <span class='ocrx_word' id='word_1_467' title='bbox 1183 3377 1230 3434; x_wconf 86' lang='lat' dir='ltr'><strong>bei</strong></span> <span class='ocrx_word' id='word_1_468' title='bbox 1252 3376 1305 3432; x_wconf 89' lang='lat' dir='ltr'><strong>nisi</strong></span> <span class='ocrx_word' id='word_1_469' title='bbox 1329 3391 1379 3448; x_wconf 91' lang='lat' dir='ltr'><strong>per</strong></span> <span class='ocrx_word' id='word_1_470' title='bbox 1395 3375 1539 3446; x_wconf 76' lang='lat' dir='ltr'><strong>imaginem</strong></span> <span class='ocrx_word' id='word_1_471' title='bbox 1564 3373 1612 3428; x_wconf 90' lang='lat' dir='ltr'><strong>bei</strong></span> <span class='ocrx_word' id='word_1_472' title='bbox 1630 3387 1691 3429; x_wconf 88' lang='lat' dir='ltr'><strong>csse</strong></span> <span class='ocrx_word' id='word_1_473' title='bbox 1709 3379 1808 3444; x_wconf 88' lang='lat' dir='ltr'><strong>potest.</strong></span> 
     </span>
     <span class='ocr_line' id='line_1_35' title="bbox 164 3462 1809 3542; baseline -0.001 -21"><span class='ocrx_word' id='word_1_474' title='bbox 164 3463 228 3521; x_wconf 79' lang='lat' dir='ltr'><strong>iudei</strong></span> <span class='ocrx_word' id='word_1_475' title='bbox 243 3464 410 3536; x_wconf 80' lang='lat' dir='ltr'><strong>tearporlbus</strong></span> <span class='ocrx_word' id='word_1_476' title='bbox 420 3481 481 3521; x_wconf 88' lang='lat' dir='ltr'><strong>eam</strong></span> <span class='ocrx_word' id='word_1_477' title='bbox 494 3477 526 3521; x_wconf 88' lang='lat' dir='ltr'><strong>ea</strong></span> <span class='ocrx_word' id='word_1_478' title='bbox 539 3476 674 3537; x_wconf 85' lang='lat' dir='ltr'><strong>perstaret</strong></span> <span class='ocrx_word' id='word_1_479' title='bbox 687 3469 714 3525; x_wconf 92' lang='lat' dir='ltr'><strong>in</strong></span> <span class='ocrx_word' id='word_1_480' title='bbox 724 3483 809 3525; x_wconf 82' lang='lat' dir='ltr'><strong>sacre</strong></span> <span class='ocrx_word' id='word_1_481' title='bbox 822 3469 962 3541; x_wconf 72' lang='lat' dir='ltr'><strong>rcttpmnts</strong></span> <span class='ocrx_word' id='word_1_482' title='bbox 1010 3473 1102 3542; x_wconf 76' lang='lat' dir='ltr'><strong>lrrrago</strong></span> <span class='ocrx_word' id='word_1_483' title='bbox 1115 3484 1181 3542; x_wconf 75' lang='lat' dir='ltr'><strong>erpo</strong></span> <span class='ocrx_word' id='word_1_484' title='bbox 1197 3468 1247 3524; x_wconf 83' lang='lat' dir='ltr'><strong>Dei</strong></span> <span class='ocrx_word' id='word_1_485' title='bbox 1259 3482 1293 3523; x_wconf 90' lang='lat' dir='ltr'><strong>err</strong></span> <span class='ocrx_word' id='word_1_486' title='bbox 1310 3465 1449 3522; x_wconf 87' lang='lat' dir='ltr'><strong>interioris</strong></span> <span class='ocrx_word' id='word_1_487' title='bbox 1468 3462 1587 3520; x_wconf 85' lang='lat' dir='ltr'><strong>bonriuis</strong></span> <span class='ocrx_word' id='word_1_488' title='bbox 1607 3462 1748 3518; x_wconf 90' lang='lat' dir='ltr'><strong>nobilitate</strong></span> <span class='ocrx_word' id='word_1_489' title='bbox 1766 3472 1809 3519; x_wconf 89' lang='lat' dir='ltr'><strong>est</strong></span> 
     </span>
     <span class='ocr_line' id='line_1_36' title="bbox 165 3553 1807 3632; baseline -0.002 -21"><span class='ocrx_word' id='word_1_490' title='bbox 165 3556 360 3622; x_wconf 82' lang='lat' dir='ltr'><strong>anione,etab</strong></span> <span class='ocrx_word' id='word_1_491' title='bbox 372 3573 404 3614; x_wconf 80' lang='lat' dir='ltr'><strong>ee</strong></span> <span class='ocrx_word' id='word_1_492' title='bbox 422 3557 503 3629; x_wconf 86' lang='lat' dir='ltr'><strong>paulo</strong></span> <span class='ocrx_word' id='word_1_493' title='bbox 515 3559 638 3625; x_wconf 84' lang='lat' dir='ltr'><strong>distaret,</strong></span> <span class='ocrx_word' id='word_1_494' title='bbox 661 3560 733 3632; x_wconf 85' lang='lat' dir='ltr'><strong>quod</strong></span> <span class='ocrx_word' id='word_1_495' title='bbox 753 3569 843 3617; x_wconf 84' lang='lat' dir='ltr'><strong>tamen</strong></span> <span class='ocrx_word' id='word_1_496' title='bbox 865 3570 960 3619; x_wconf 86' lang='lat' dir='ltr'><strong>contra</strong></span> <span class='ocrx_word' id='word_1_497' title='bbox 1011 3561 1228 3620; x_wconf 84' lang='lat' dir='ltr'><strong>consideranda:</strong></span> <span class='ocrx_word' id='word_1_498' title='bbox 1244 3558 1333 3630; x_wconf 84' lang='lat' dir='ltr'><strong>primo</strong></span> <span class='ocrx_word' id='word_1_499' title='bbox 1349 3555 1473 3626; x_wconf 84' lang='lat' dir='ltr'><strong>quidem,</strong></span> <span class='ocrx_word' id='word_1_500' title='bbox 1488 3561 1519 3609; x_wconf 90' lang='lat' dir='ltr'><strong>ut</strong></span> <span class='ocrx_word' id='word_1_501' title='bbox 1537 3554 1617 3611; x_wconf 88' lang='lat' dir='ltr'><strong>sicuti</strong></span> <span class='ocrx_word' id='word_1_502' title='bbox 1632 3553 1704 3609; x_wconf 84' lang='lat' dir='ltr'><strong>Deus</strong></span> <span class='ocrx_word' id='word_1_503' title='bbox 1719 3568 1807 3618; x_wconf 90' lang='lat' dir='ltr'><strong>uuus,</strong></span> 
     </span>
     <span class='ocr_line' id='line_1_37' title="bbox 165 3643 1810 3723; baseline -0.002 -21"><span class='ocrx_word' id='word_1_504' title='bbox 165 3645 245 3703; x_wconf 76' lang='lat' dir='ltr'><strong>ntem</strong></span> <span class='ocrx_word' id='word_1_505' title='bbox 261 3663 315 3704; x_wconf 90' lang='lat' dir='ltr'><strong>non</strong></span> <span class='ocrx_word' id='word_1_506' title='bbox 326 3655 377 3714; x_wconf 89' lang='lat' dir='ltr'><strong>est,</strong></span> <span class='ocrx_word' id='word_1_507' title='bbox 391 3648 418 3703; x_wconf 95' lang='lat' dir='ltr'><strong>in</strong></span> <span class='ocrx_word' id='word_1_508' title='bbox 430 3647 580 3705; x_wconf 78' lang='lat' dir='ltr'><strong>officiorum</strong></span> <span class='ocrx_word' id='word_1_509' title='bbox 594 3651 788 3718; x_wconf 86' lang='lat' dir='ltr'><strong>celebratione,</strong></span> <span class='ocrx_word' id='word_1_510' title='bbox 800 3654 962 3710; x_wconf 71' lang='lat' dir='ltr'><strong>venerande</strong></span> <span class='ocrx_word' id='word_1_511' title='bbox 1012 3667 1128 3723; x_wconf 88' lang='lat' dir='ltr'><strong>semper,</strong></span> <span class='ocrx_word' id='word_1_512' title='bbox 1140 3651 1240 3721; x_wconf 83' lang='lat' dir='ltr'><strong>ubique</strong></span> <span class='ocrx_word' id='word_1_513' title='bbox 1254 3655 1329 3704; x_wconf 92' lang='lat' dir='ltr'><strong>totus</strong></span> <span class='ocrx_word' id='word_1_514' title='bbox 1346 3653 1398 3710; x_wconf 85' lang='lat' dir='ltr'><strong>est,</strong></span> <span class='ocrx_word' id='word_1_515' title='bbox 1421 3644 1513 3701; x_wconf 87' lang='lat' dir='ltr'><strong>omnia</strong></span> <span class='ocrx_word' id='word_1_516' title='bbox 1526 3643 1677 3710; x_wconf 83' lang='lat' dir='ltr'><strong>riritlcans,</strong></span> <span class='ocrx_word' id='word_1_517' title='bbox 1698 3658 1810 3700; x_wconf 58' lang='lat' dir='ltr'><strong>nrot‘ens</strong></span> 
     </span>
     <span class='ocr_line' id='line_1_38' title="bbox 165 3734 1809 3815; baseline -0.001 -25"><span class='ocrx_word' id='word_1_518' title='bbox 165 3737 304 3793; x_wconf 80' lang='lat' dir='ltr'><strong>memoriae</strong></span> <span class='ocrx_word' id='word_1_519' title='bbox 315 3737 447 3808; x_wconf 76' lang='lat' dir='ltr'><strong>genitoris</strong></span> <span class='ocrx_word' id='word_1_520' title='bbox 468 3739 554 3794; x_wconf 87' lang='lat' dir='ltr'><strong>nostri</strong></span> <span class='ocrx_word' id='word_1_521' title='bbox 577 3738 753 3795; x_wconf 88' lang='lat' dir='ltr'><strong>illustrissimi</strong></span> <span class='ocrx_word' id='word_1_522' title='bbox 770 3748 853 3809; x_wconf 80' lang='lat' dir='ltr'><strong>atque</strong></span> <span class='ocrx_word' id='word_1_523' title='bbox 870 3740 961 3797; x_wconf 81' lang='lat' dir='ltr'><strong>excel·</strong></span> <span class='ocrx_word' id='word_1_524' title='bbox 1011 3752 1040 3798; x_wconf 92' lang='lat' dir='ltr'><strong>ct</strong></span> <span class='ocrx_word' id='word_1_525' title='bbox 1050 3743 1214 3815; x_wconf 76' lang='lat' dir='ltr'><strong>gubenrans,</strong></span> <span class='ocrx_word' id='word_1_526' title='bbox 1226 3739 1298 3795; x_wconf 89' lang='lat' dir='ltr'><strong>sicut</strong></span> <span class='ocrx_word' id='word_1_527' title='bbox 1315 3735 1461 3809; x_wconf 81' lang='lat' dir='ltr'><strong>Apostolus</strong></span> <span class='ocrx_word' id='word_1_528' title='bbox 1477 3734 1630 3799; x_wconf 88' lang='lat' dir='ltr'><strong>cenllrmat,</strong></span> <span class='ocrx_word' id='word_1_529' title='bbox 1645 3735 1717 3806; x_wconf 81' lang='lat' dir='ltr'><strong>quod</strong></span> <span class='ocrx_word' id='word_1_530' title='bbox 1735 3737 1763 3789; x_wconf 88' lang='lat' dir='ltr'><strong>in</strong></span> <span class='ocrx_word' id='word_1_531' title='bbox 1779 3751 1809 3789; x_wconf 87' lang='lat' dir='ltr'><strong>ec</strong></span> 
     </span>
     <span class='ocr_line' id='line_1_39' title="bbox 166 3825 1811 3900; baseline 0.001 -20"><span class='ocrx_word' id='word_1_532' title='bbox 166 3825 309 3884; x_wconf 82' lang='lat' dir='ltr'><strong>lectissimi</strong></span> <span class='ocrx_word' id='word_1_533' title='bbox 322 3827 372 3883; x_wconf 84' lang='lat' dir='ltr'><strong>riri</strong></span> <span class='ocrx_word' id='word_1_534' title='bbox 384 3826 473 3899; x_wconf 89' lang='lat' dir='ltr'><strong>Pipini</strong></span> <span class='ocrx_word' id='word_1_535' title='bbox 484 3829 556 3900; x_wconf 74' lang='lat' dir='ltr'><strong>regis</strong></span> <span class='ocrx_word' id='word_1_536' title='bbox 572 3845 647 3894; x_wconf 92' lang='lat' dir='ltr'><strong>cura,</strong></span> <span class='ocrx_word' id='word_1_537' title='bbox 661 3840 688 3887; x_wconf 90' lang='lat' dir='ltr'><strong>et</strong></span> <span class='ocrx_word' id='word_1_538' title='bbox 699 3831 832 3888; x_wconf 86' lang='lat' dir='ltr'><strong>industria</strong></span> <span class='ocrx_word' id='word_1_539' title='bbox 845 3833 902 3889; x_wconf 84' lang='lat' dir='ltr'><strong>sire</strong></span> <span class='ocrx_word' id='word_1_540' title='bbox 914 3833 962 3888; x_wconf 89' lang='lat' dir='ltr'><strong>ad-</strong></span> <span class='ocrx_word' id='word_1_541' title='bbox 1012 3837 1130 3899; x_wconf 82' lang='lat' dir='ltr'><strong>ricimer,</strong></span> <span class='ocrx_word' id='word_1_542' title='bbox 1144 3849 1278 3889; x_wconf 81' lang='lat' dir='ltr'><strong>moremur</strong></span> <span class='ocrx_word' id='word_1_543' title='bbox 1288 3841 1312 3887; x_wconf 87' lang='lat' dir='ltr'><strong>et</strong></span> <span class='ocrx_word' id='word_1_544' title='bbox 1326 3843 1438 3886; x_wconf 80' lang='lat' dir='ltr'><strong>santus:</strong></span> <span class='ocrx_word' id='word_1_545' title='bbox 1457 3827 1498 3883; x_wconf 89' lang='lat' dir='ltr'><strong>sic</strong></span> <span class='ocrx_word' id='word_1_546' title='bbox 1518 3826 1608 3881; x_wconf 85' lang='lat' dir='ltr'><strong>aninra</strong></span> <span class='ocrx_word' id='word_1_547' title='bbox 1630 3827 1656 3882; x_wconf 91' lang='lat' dir='ltr'><strong>in</strong></span> <span class='ocrx_word' id='word_1_548' title='bbox 1678 3842 1728 3883; x_wconf 88' lang='lat' dir='ltr'><strong>sco</strong></span> <span class='ocrx_word' id='word_1_549' title='bbox 1749 3842 1811 3883; x_wconf 90' lang='lat' dir='ltr'><strong>cor-</strong></span> 
     </span>
     <span class='ocr_line' id='line_1_40' title="bbox 166 3916 1812 4000; baseline 0.001 -31"><span class='ocrx_word' id='word_1_550' title='bbox 166 3925 279 3973; x_wconf 85' lang='lat' dir='ltr'><strong>rentum</strong></span> <span class='ocrx_word' id='word_1_551' title='bbox 292 3917 320 3972; x_wconf 92' lang='lat' dir='ltr'><strong>in</strong></span> <span class='ocrx_word' id='word_1_552' title='bbox 334 3916 435 3973; x_wconf 85' lang='lat' dir='ltr'><strong>Gallias</strong></span> <span class='ocrx_word' id='word_1_553' title='bbox 456 3920 667 3975; x_wconf 81' lang='lat' dir='ltr'><strong>reverentissimi</strong></span> <span class='ocrx_word' id='word_1_554' title='bbox 682 3930 710 3978; x_wconf 91' lang='lat' dir='ltr'><strong>et</strong></span> <span class='ocrx_word' id='word_1_555' title='bbox 723 3923 887 3979; x_wconf 88' lang='lat' dir='ltr'><strong>sanctissimi</strong></span> <span class='ocrx_word' id='word_1_556' title='bbox 909 3924 961 3980; x_wconf 80' lang='lat' dir='ltr'><strong>riri</strong></span> <span class='ocrx_word' id='word_1_557' title='bbox 1012 3943 1078 4000; x_wconf 86' lang='lat' dir='ltr'><strong>porc</strong></span> <span class='ocrx_word' id='word_1_558' title='bbox 1091 3928 1191 3995; x_wconf 81' lang='lat' dir='ltr'><strong>ubique</strong></span> <span class='ocrx_word' id='word_1_559' title='bbox 1206 3932 1262 3981; x_wconf 89' lang='lat' dir='ltr'><strong>tota</strong></span> <span class='ocrx_word' id='word_1_560' title='bbox 1273 3922 1345 3994; x_wconf 75' lang='lat' dir='ltr'><strong>riget</strong></span> <span class='ocrx_word' id='word_1_561' title='bbox 1357 3919 1497 3975; x_wconf 83' lang='lat' dir='ltr'><strong>ririilcans</strong></span> <span class='ocrx_word' id='word_1_562' title='bbox 1509 3917 1585 3984; x_wconf 92' lang='lat' dir='ltr'><strong>illud,</strong></span> <span class='ocrx_word' id='word_1_563' title='bbox 1598 3933 1710 3974; x_wconf 87' lang='lat' dir='ltr'><strong>merens</strong></span> <span class='ocrx_word' id='word_1_564' title='bbox 1721 3924 1748 3973; x_wconf 91' lang='lat' dir='ltr'><strong>et</strong></span> <span class='ocrx_word' id='word_1_565' title='bbox 1762 3932 1812 3991; x_wconf 74' lang='lat' dir='ltr'><strong>pu-</strong></span> 
     </span>
     <span class='ocr_line' id='line_1_41' title="bbox 167 4007 1811 4094; baseline -0.001 -30"><span class='ocrx_word' id='word_1_566' title='bbox 167 4007 298 4080; x_wconf 81' lang='lat' dir='ltr'><strong>Steplrani</strong></span> <span class='ocrx_word' id='word_1_567' title='bbox 317 4008 446 4066; x_wconf 79' lang='lat' dir='ltr'><strong>Romana</strong></span> <span class='ocrx_word' id='word_1_568' title='bbox 463 4012 539 4094; x_wconf 81' lang='lat' dir='ltr'><strong>urbis</strong></span> <span class='ocrx_word' id='word_1_569' title='bbox 560 4014 699 4078; x_wconf 84' lang='lat' dir='ltr'><strong>antistitis,</strong></span> <span class='ocrx_word' id='word_1_570' title='bbox 723 4023 766 4070; x_wconf 87' lang='lat' dir='ltr'><strong>est</strong></span> <span class='ocrx_word' id='word_1_571' title='bbox 784 4016 809 4071; x_wconf 93' lang='lat' dir='ltr'><strong>ei</strong></span> <span class='ocrx_word' id='word_1_572' title='bbox 827 4017 911 4073; x_wconf 91' lang='lat' dir='ltr'><strong>etiam</strong></span> <span class='ocrx_word' id='word_1_573' title='bbox 934 4017 962 4074; x_wconf 92' lang='lat' dir='ltr'><strong>in</strong></span> <span class='ocrx_word' id='word_1_574' title='bbox 1012 4020 1141 4075; x_wconf 89' lang='lat' dir='ltr'><strong>bernans.</strong></span> <span class='ocrx_word' id='word_1_575' title='bbox 1160 4015 1216 4073; x_wconf 88' lang='lat' dir='ltr'><strong>Nec</strong></span> <span class='ocrx_word' id='word_1_576' title='bbox 1235 4014 1308 4071; x_wconf 86' lang='lat' dir='ltr'><strong>enim</strong></span> <span class='ocrx_word' id='word_1_577' title='bbox 1323 4013 1349 4069; x_wconf 92' lang='lat' dir='ltr'><strong>in</strong></span> <span class='ocrx_word' id='word_1_578' title='bbox 1363 4009 1511 4079; x_wconf 77' lang='lat' dir='ltr'><strong>maioribus</strong></span> <span class='ocrx_word' id='word_1_579' title='bbox 1524 4008 1648 4079; x_wconf 91' lang='lat' dir='ltr'><strong>eorporis</strong></span> <span class='ocrx_word' id='word_1_580' title='bbox 1665 4007 1707 4064; x_wconf 89' lang='lat' dir='ltr'><strong>sni</strong></span> <span class='ocrx_word' id='word_1_581' title='bbox 1722 4023 1811 4063; x_wconf 89' lang='lat' dir='ltr'><strong>mem-</strong></span> 
     </span>
     <span class='ocr_line' id='line_1_42' title="bbox 166 4099 1812 4181; baseline 0.001 -26"><span class='ocrx_word' id='word_1_582' title='bbox 166 4099 405 4169; x_wconf 87' lang='lat' dir='ltr'><strong>psallendiordine</strong></span> <span class='ocrx_word' id='word_1_583' title='bbox 425 4103 560 4174; x_wconf 88' lang='lat' dir='ltr'><strong>copulata,</strong></span> <span class='ocrx_word' id='word_1_584' title='bbox 579 4114 610 4160; x_wconf 92' lang='grc' dir='ltr'><strong>ιιι</strong></span> <span class='ocrx_word' id='word_1_585' title='bbox 623 4121 678 4163; x_wconf 89' lang='lat' dir='ltr'><strong>noa</strong></span> <span class='ocrx_word' id='word_1_586' title='bbox 698 4117 771 4163; x_wconf 89' lang='lat' dir='ltr'><strong>esset</strong></span> <span class='ocrx_word' id='word_1_587' title='bbox 790 4108 884 4181; x_wconf 89' lang='lat' dir='ltr'><strong>dispar</strong></span> <span class='ocrx_word' id='word_1_588' title='bbox 895 4111 964 4168; x_wconf 90' lang='lat' dir='ltr'><strong>ordo</strong></span> <span class='ocrx_word' id='word_1_589' title='bbox 1013 4112 1071 4169; x_wconf 91' lang='lat' dir='ltr'><strong>bris</strong></span> <span class='ocrx_word' id='word_1_590' title='bbox 1088 4110 1184 4180; x_wconf 87' lang='lat' dir='ltr'><strong>major,</strong></span> <span class='ocrx_word' id='word_1_591' title='bbox 1204 4117 1232 4166; x_wconf 90' lang='lat' dir='ltr'><strong>ct</strong></span> <span class='ocrx_word' id='word_1_592' title='bbox 1246 4109 1274 4164; x_wconf 93' lang='lat' dir='ltr'><strong>in</strong></span> <span class='ocrx_word' id='word_1_593' title='bbox 1296 4106 1447 4163; x_wconf 88' lang='lat' dir='ltr'><strong>minoribus</strong></span> <span class='ocrx_word' id='word_1_594' title='bbox 1467 4103 1566 4169; x_wconf 88' lang='lat' dir='ltr'><strong>minor,</strong></span> <span class='ocrx_word' id='word_1_595' title='bbox 1580 4103 1628 4160; x_wconf 88' lang='lat' dir='ltr'><strong>sed</strong></span> <span class='ocrx_word' id='word_1_596' title='bbox 1642 4102 1670 4158; x_wconf 94' lang='lat' dir='ltr'><strong>in</strong></span> <span class='ocrx_word' id='word_1_597' title='bbox 1691 4101 1812 4157; x_wconf 88' lang='lat' dir='ltr'><strong>minimis</strong></span> 
     </span>
     <span class='ocr_line' id='line_1_43' title="bbox 166 4191 1813 4274; baseline 0.001 -27"><span class='ocrx_word' id='word_1_598' title='bbox 166 4191 299 4263; x_wconf 85' lang='lat' dir='ltr'><strong>psallendi</strong></span> <span class='ocrx_word' id='word_1_599' title='bbox 311 4193 410 4263; x_wconf 84' lang='lat' dir='ltr'><strong>quibus</strong></span> <span class='ocrx_word' id='word_1_600' title='bbox 420 4204 480 4250; x_wconf 89' lang='lat' dir='ltr'><strong>erat</strong></span> <span class='ocrx_word' id='word_1_601' title='bbox 492 4210 604 4268; x_wconf 89' lang='lat' dir='ltr'><strong>compar</strong></span> <span class='ocrx_word' id='word_1_602' title='bbox 613 4197 696 4255; x_wconf 79' lang='lat' dir='ltr'><strong>anlor</strong></span> <span class='ocrx_word' id='word_1_603' title='bbox 708 4200 851 4268; x_wconf 83' lang='lat' dir='ltr'><strong>credendi3</strong></span> <span class='ocrx_word' id='word_1_604' title='bbox 865 4212 893 4259; x_wconf 90' lang='lat' dir='ltr'><strong>et</strong></span> <span class='ocrx_word' id='word_1_605' title='bbox 902 4218 963 4274; x_wconf 75' lang='lat' dir='ltr'><strong>quae</strong></span> <span class='ocrx_word' id='word_1_606' title='bbox 1013 4214 1080 4269; x_wconf 92' lang='lat' dir='ltr'><strong>tota,</strong></span> <span class='ocrx_word' id='word_1_607' title='bbox 1095 4211 1123 4260; x_wconf 88' lang='lat' dir='ltr'><strong>ct</strong></span> <span class='ocrx_word' id='word_1_608' title='bbox 1135 4203 1162 4259; x_wconf 89' lang='lat' dir='ltr'><strong>iu</strong></span> <span class='ocrx_word' id='word_1_609' title='bbox 1179 4200 1306 4258; x_wconf 82' lang='lat' dir='ltr'><strong>maximis</strong></span> <span class='ocrx_word' id='word_1_610' title='bbox 1318 4208 1395 4257; x_wconf 84' lang='lat' dir='ltr'><strong>tota:</strong></span> <span class='ocrx_word' id='word_1_611' title='bbox 1415 4207 1443 4253; x_wconf 91' lang='lat' dir='ltr'><strong>et</strong></span> <span class='ocrx_word' id='word_1_612' title='bbox 1457 4197 1515 4254; x_wconf 76' lang='lat' dir='ltr'><strong>boec</strong></span> <span class='ocrx_word' id='word_1_613' title='bbox 1531 4204 1572 4251; x_wconf 91' lang='lat' dir='ltr'><strong>est</strong></span> <span class='ocrx_word' id='word_1_614' title='bbox 1588 4196 1679 4268; x_wconf 73' lang='lat' dir='ltr'><strong>imago</strong></span> <span class='ocrx_word' id='word_1_615' title='bbox 1700 4192 1813 4249; x_wconf 88' lang='lat' dir='ltr'><strong>unitatis</strong></span> 
     </span>
     <span class='ocr_line' id='line_1_44' title="bbox 166 4284 1815 4368; baseline -0.015 -3"><span class='ocrx_word' id='word_1_616' title='bbox 166 4284 250 4340; x_wconf 48' lang='grc' dir='ltr'><strong>’ΨΜ</strong></span> <span class='ocrx_word' id='word_1_617' title='bbox 266 4293 345 4340; x_wconf 69' lang='lat'><strong>“³¹¹²</strong></span> <span class='ocrx_word' id='word_1_618' title='bbox 357 4284 438 4340; x_wconf 65' lang='lat'><strong>”⁸³⁰⁸</strong></span> <span class='ocrx_word' id='word_1_619' title='bbox 450 4295 552 4342; x_wconf 49' lang='grc' dir='ltr'><strong>ΨΜ</strong></span> <span class='ocrx_word' id='word_1_620' title='bbox 565 4287 633 4358; x_wconf 58' lang='lat' dir='ltr'><strong>¹⁰8ss</strong></span> <span class='ocrx_word' id='word_1_621' title='bbox 643 4303 721 4344; x_wconf 44' lang='lat'><strong>⁸²⁰¹*</strong></span> <span class='ocrx_word' id='word_1_622' title='bbox 732 4289 859 4357; x_wconf 52' lang='lat' dir='ltr'><strong>hellene.</strong></span> <span class='ocrx_word' id='word_1_623' title='bbox 872 4301 964 4348; x_wconf 70' lang='lat' dir='ltr'><strong>esseni</strong></span> <span class='ocrx_word' id='word_1_624' title='bbox 1014 4295 1208 4368; x_wconf 85' lang='lat' dir='ltr'><strong>omnipotentis</strong></span> <span class='ocrx_word' id='word_1_625' title='bbox 1224 4294 1283 4359; x_wconf 85' lang='lat' dir='ltr'><strong>liei,</strong></span> <span class='ocrx_word' id='word_1_626' title='bbox 1305 4308 1386 4364; x_wconf 84' lang='lat' dir='ltr'><strong>quam</strong></span> <span class='ocrx_word' id='word_1_627' title='bbox 1410 4291 1500 4347; x_wconf 88' lang='lat' dir='ltr'><strong>anima</strong></span> <span class='ocrx_word' id='word_1_628' title='bbox 1526 4289 1608 4344; x_wconf 89' lang='lat' dir='ltr'><strong>babet</strong></span> <span class='ocrx_word' id='word_1_629' title='bbox 1631 4288 1659 4343; x_wconf 91' lang='lat' dir='ltr'><strong>in</strong></span> <span class='ocrx_word' id='word_1_630' title='bbox 1681 4302 1730 4343; x_wconf 88' lang='lat' dir='ltr'><strong>se:</strong></span> <span class='ocrx_word' id='word_1_631' title='bbox 1750 4301 1815 4357; x_wconf 80' lang='lat' dir='ltr'><strong>qum</strong></span> 
     </span>
     <span class='ocr_line' id='line_1_45' title="bbox 166 4375 1815 4462; baseline -0.001 -31"><span class='ocrx_word' id='word_1_632' title='bbox 166 4377 249 4432; x_wconf 75' lang='lat' dir='ltr'><strong>etism</strong></span> <span class='ocrx_word' id='word_1_633' title='bbox 271 4378 356 4434; x_wconf 72' lang='lat' dir='ltr'><strong>unita</strong></span> <span class='ocrx_word' id='word_1_634' title='bbox 369 4380 450 4437; x_wconf 91' lang='lat' dir='ltr'><strong>unius</strong></span> <span class='ocrx_word' id='word_1_635' title='bbox 472 4383 663 4440; x_wconf 76' lang='lat' dir='ltr'><strong>moelulaticuis</strong></span> <span class='ocrx_word' id='word_1_636' title='bbox 684 4383 740 4458; x_wconf 83' lang='lat' dir='ltr'><strong>[lt.</strong></span> <span class='ocrx_word' id='word_1_637' title='bbox 762 4386 963 4462; x_wconf 84' lang='lat' dir='ltr'><strong>modulaminis]</strong></span> <span class='ocrx_word' id='word_1_638' title='bbox 1015 4387 1158 4458; x_wconf 75' lang='lat' dir='ltr'><strong>‹puarndam</strong></span> <span class='ocrx_word' id='word_1_639' title='bbox 1172 4391 1272 4439; x_wconf 82' lang='lat' dir='ltr'><strong>sancte</strong></span> <span class='ocrx_word' id='word_1_640' title='bbox 1285 4381 1427 4437; x_wconf 85' lang='lat' dir='ltr'><strong>Trinitatis</strong></span> <span class='ocrx_word' id='word_1_641' title='bbox 1442 4380 1524 4436; x_wconf 83' lang='lat' dir='ltr'><strong>babet</strong></span> <span class='ocrx_word' id='word_1_642' title='bbox 1540 4377 1702 4450; x_wconf 78' lang='lat' dir='ltr'><strong>imaginem:</strong></span> <span class='ocrx_word' id='word_1_643' title='bbox 1723 4375 1815 4449; x_wconf 83' lang='lat' dir='ltr'><strong>prinae</strong></span> 
     </span>
     <span class='ocr_line' id='line_1_46' title="bbox 166 4471 1810 4567; baseline 0.002 -42"><span class='ocrx_word' id='word_1_644' title='bbox 166 4471 320 4527; x_wconf 75' lang='lat' dir='ltr'><strong>mscnnua</strong></span> <span class='ocrx_word' id='word_1_645' title='bbox 333 4472 487 4540; x_wconf 87' lang='lat' dir='ltr'><strong>traditione,</strong></span> <span class='ocrx_word' id='word_1_646' title='bbox 499 4488 549 4531; x_wconf 90' lang='lat' dir='ltr'><strong>nec</strong></span> <span class='ocrx_word' id='word_1_647' title='bbox 562 4474 716 4547; x_wconf 70' lang='lat' dir='ltr'><strong>sejungeret</strong></span> <span class='ocrx_word' id='word_1_648' title='bbox 725 4477 876 4536; x_wconf 81' lang='lat' dir='ltr'><strong>aniciorum</strong></span> <span class='ocrx_word' id='word_1_649' title='bbox 887 4481 961 4537; x_wconf 73' lang='lat' dir='ltr'><strong>rana</strong></span> <span class='ocrx_word' id='word_1_650' title='bbox 977 4482 1042 4567; x_wconf 67' lang='lat' dir='ltr'><strong>Dio</strong></span> <span class='ocrx_word' id='word_1_651' title='bbox 1057 4495 1100 4546; x_wconf 90' lang='lat' dir='ltr'><strong>co,</strong></span> <span class='ocrx_word' id='word_1_652' title='bbox 1112 4478 1176 4550; x_wconf 74' lang='grc' dir='ltr'>ιιιιὶι</span> <span class='ocrx_word' id='word_1_653' title='bbox 1191 4479 1261 4533; x_wconf 88' lang='lat' dir='ltr'><strong>sicut</strong></span> <span class='ocrx_word' id='word_1_654' title='bbox 1274 4477 1345 4532; x_wconf 84' lang='lat' dir='ltr'><strong>Deus</strong></span> <span class='ocrx_word' id='word_1_655' title='bbox 1358 4482 1409 4537; x_wconf 90' lang='lat' dir='ltr'><strong>est,</strong></span> <span class='ocrx_word' id='word_1_656' title='bbox 1420 4474 1489 4530; x_wconf 85' lang='lat' dir='ltr'><strong>ririt</strong></span> <span class='ocrx_word' id='word_1_657' title='bbox 1498 4482 1525 4528; x_wconf 86' lang='lat' dir='ltr'><strong>et</strong></span> <span class='ocrx_word' id='word_1_658' title='bbox 1536 4474 1616 4545; x_wconf 87' lang='lat' dir='ltr'><strong>sapit,</strong></span> <span class='ocrx_word' id='word_1_659' title='bbox 1628 4473 1666 4529; x_wconf 87' lang='lat' dir='ltr'><strong>ita</strong></span> <span class='ocrx_word' id='word_1_660' title='bbox 1678 4482 1705 4529; x_wconf 90' lang='lat' dir='ltr'><strong>et</strong></span> <span class='ocrx_word' id='word_1_661' title='bbox 1719 4472 1810 4528; x_wconf 83' lang='lat' dir='ltr'><strong>anima</strong></span> 
     </span>
     <span class='ocr_line' id='line_1_47' title="bbox 166 4561 1812 4645; baseline 0.002 -26"><span class='ocrx_word' id='word_1_662' title='bbox 166 4561 314 4620; x_wconf 82' lang='lat' dir='ltr'><strong>celebratio</strong></span> <span class='ocrx_word' id='word_1_663' title='bbox 328 4580 396 4636; x_wconf 84' lang='lat' dir='ltr'><strong>quas</strong></span> <span class='ocrx_word' id='word_1_664' title='bbox 414 4566 592 4638; x_wconf 75' lang='lat' dir='ltr'><strong>coniunxerat</strong></span> <span class='ocrx_word' id='word_1_665' title='bbox 603 4570 690 4626; x_wconf 80' lang='lat' dir='ltr'><strong>anien</strong></span> <span class='ocrx_word' id='word_1_666' title='bbox 707 4570 769 4628; x_wconf 88' lang='lat' dir='ltr'><strong>lidei</strong></span> <span class='ocrx_word' id='word_1_667' title='bbox 784 4572 827 4645; x_wconf 88' lang='lat' dir='ltr'><strong>pia</strong></span> <span class='ocrx_word' id='word_1_668' title='bbox 843 4574 961 4630; x_wconf 80' lang='lat' dir='ltr'><strong>devotio.</strong></span> <span class='ocrx_word' id='word_1_669' title='bbox 1012 4574 1160 4636; x_wconf 84' lang='lat' dir='ltr'><strong>sccrrndnnr</strong></span> <span class='ocrx_word' id='word_1_670' title='bbox 1174 4586 1252 4627; x_wconf 84' lang='grc' dir='ltr'>ιιιιιιιι</span> <span class='ocrx_word' id='word_1_671' title='bbox 1267 4569 1375 4626; x_wconf 77' lang='lat' dir='ltr'><strong>niodum</strong></span> <span class='ocrx_word' id='word_1_672' title='bbox 1387 4575 1444 4635; x_wconf 87' lang='lat' dir='ltr'><strong>est,</strong></span> <span class='ocrx_word' id='word_1_673' title='bbox 1458 4567 1524 4623; x_wconf 79' lang='lat' dir='ltr'><strong>sirit</strong></span> <span class='ocrx_word' id='word_1_674' title='bbox 1541 4576 1569 4624; x_wconf 91' lang='lat' dir='ltr'><strong>et</strong></span> <span class='ocrx_word' id='word_1_675' title='bbox 1581 4568 1662 4638; x_wconf 87' lang='lat' dir='ltr'><strong>sapit.</strong></span> <span class='ocrx_word' id='word_1_676' title='bbox 1682 4567 1731 4623; x_wconf 81' lang='lat' dir='ltr'><strong>Est</strong></span> <span class='ocrx_word' id='word_1_677' title='bbox 1744 4582 1812 4638; x_wconf 71' lang='lat' dir='ltr'><strong>arro</strong></span> 
     </span>
     <span class='ocr_line' id='line_1_48' title="bbox 167 4650 1812 4742; baseline -0.009 -15"><span class='ocrx_word' id='word_1_678' title='bbox 167 4650 244 4720; x_wconf 60' lang='grc' dir='ltr'><strong>Μ</strong></span> <span class='ocrx_word' id='word_1_679' title='bbox 255 4655 402 4726; x_wconf 82' lang='lat' dir='ltr'><strong>quidemst</strong></span> <span class='ocrx_word' id='word_1_680' title='bbox 422 4671 482 4724; x_wconf 72' lang='lat'><strong>¹¹⁰⁸,</strong></span> <span class='ocrx_word' id='word_1_681' title='bbox 495 4659 594 4715; x_wconf 88' lang='lat' dir='ltr'><strong>collato</strong></span> <span class='ocrx_word' id='word_1_682' title='bbox 605 4661 683 4717; x_wconf 88' lang='lat' dir='ltr'><strong>nobis</strong></span> <span class='ocrx_word' id='word_1_683' title='bbox 695 4677 711 4717; x_wconf 87' lang='lat' dir='ltr'><strong>a</strong></span> <span class='ocrx_word' id='word_1_684' title='bbox 722 4662 777 4720; x_wconf 88' lang='lat' dir='ltr'><strong>[leo</strong></span> <span class='ocrx_word' id='word_1_685' title='bbox 787 4663 870 4721; x_wconf 80' lang='lat' dir='ltr'><strong>ltaliae</strong></span> <span class='ocrx_word' id='word_1_686' title='bbox 880 4679 963 4738; x_wconf 74' lang='lat' dir='ltr'><strong>mgno</strong></span> <span class='ocrx_word' id='word_1_687' title='bbox 1012 4684 1065 4742; x_wconf 86' lang='lat' dir='ltr'><strong>qne</strong></span> <span class='ocrx_word' id='word_1_688' title='bbox 1077 4674 1105 4723; x_wconf 89' lang='lat' dir='ltr'><strong>et</strong></span> <span class='ocrx_word' id='word_1_689' title='bbox 1117 4664 1169 4720; x_wconf 87' lang='lat' dir='ltr'><strong>alia</strong></span> <span class='ocrx_word' id='word_1_690' title='bbox 1183 4660 1303 4717; x_wconf 78' lang='lat' dir='ltr'><strong>Trinitas</strong></span> <span class='ocrx_word' id='word_1_691' title='bbox 1321 4660 1348 4716; x_wconf 89' lang='lat' dir='ltr'><strong>in</strong></span> <span class='ocrx_word' id='word_1_692' title='bbox 1362 4675 1404 4725; x_wconf 90' lang='lat' dir='ltr'><strong>ea,</strong></span> <span class='ocrx_word' id='word_1_693' title='bbox 1417 4675 1470 4731; x_wconf 86' lang='lat' dir='ltr'><strong>qua</strong></span> <span class='ocrx_word' id='word_1_694' title='bbox 1481 4659 1515 4716; x_wconf 87' lang='lat' dir='ltr'><strong>ad</strong></span> <span class='ocrx_word' id='word_1_695' title='bbox 1526 4659 1671 4730; x_wconf 77' lang='lat' dir='ltr'><strong>imaginent</strong></span> <span class='ocrx_word' id='word_1_696' title='bbox 1685 4659 1727 4715; x_wconf 91' lang='lat' dir='ltr'><strong>sni</strong></span> <span class='ocrx_word' id='word_1_697' title='bbox 1741 4658 1812 4734; x_wconf 87' lang='lat' dir='ltr'><strong>Con-</strong></span> 
     </span>
     <span class='ocr_line' id='line_1_49' title="bbox 167 4745 1812 4831; baseline -0.001 -20"><span class='ocrx_word' id='word_1_698' title='bbox 167 4745 290 4810; x_wconf 64' lang='lat' dir='ltr'><strong>ieciffltls</strong></span> <span class='ocrx_word' id='word_1_699' title='bbox 307 4758 408 4804; x_wconf 66' lang='lat' dir='ltr'><strong>⁹⁰0²ae</strong></span> <span class='ocrx_word' id='word_1_700' title='bbox 420 4749 550 4806; x_wconf 68' lang='lat' dir='ltr'><strong>flemene</strong></span> <span class='ocrx_word' id='word_1_701' title='bbox 572 4751 700 4808; x_wconf 76' lang='lat' dir='ltr'><strong>Ecclesiae</strong></span> <span class='ocrx_word' id='word_1_702' title='bbox 721 4753 858 4825; x_wconf 73' lang='lat' dir='ltr'><strong>fastigium</strong></span> <span class='ocrx_word' id='word_1_703' title='bbox 880 4756 964 4811; x_wconf 72' lang='lat' dir='ltr'><strong>siritii·</strong></span> <span class='ocrx_word' id='word_1_704' title='bbox 1012 4760 1109 4818; x_wconf 88' lang='lat' dir='ltr'><strong>diteris</strong></span> <span class='ocrx_word' id='word_1_705' title='bbox 1120 4754 1249 4831; x_wconf 72' lang='lat' dir='ltr'><strong>periectas</strong></span> <span class='ocrx_word' id='word_1_706' title='bbox 1260 4753 1369 4826; x_wconf 81' lang='lat' dir='ltr'><strong>quidem</strong></span> <span class='ocrx_word' id='word_1_707' title='bbox 1381 4765 1408 4811; x_wconf 90' lang='lat' dir='ltr'><strong>ct</strong></span> <span class='ocrx_word' id='word_1_708' title='bbox 1421 4770 1534 4810; x_wconf 82' lang='lat' dir='ltr'><strong>summm</strong></span> <span class='ocrx_word' id='word_1_709' title='bbox 1546 4753 1690 4810; x_wconf 80' lang='lat' dir='ltr'><strong>Trinitatis</strong></span> <span class='ocrx_word' id='word_1_710' title='bbox 1700 4769 1760 4824; x_wconf 81' lang='lat' dir='ltr'><strong>qrrae</strong></span> <span class='ocrx_word' id='word_1_711' title='bbox 1770 4759 1812 4809; x_wconf 88' lang='lat' dir='ltr'><strong>est</strong></span> 
     </span>
     <span class='ocr_line' id='line_1_50' title="bbox 167 4838 1812 4916; baseline -0.005 -8"><span class='ocrx_word' id='word_1_712' title='bbox 167 4851 245 4893; x_wconf 64' lang='grc' dir='ltr'><em>Μ</em></span> <span class='ocrx_word' id='word_1_713' title='bbox 257 4838 407 4907; x_wconf 64' lang='lat' dir='ltr'><strong>wliffllee</strong></span> <span class='ocrx_word' id='word_1_714' title='bbox 417 4849 446 4896; x_wconf 78' lang='lat' dir='ltr'><strong>el</strong></span> <span class='ocrx_word' id='word_1_715' title='bbox 457 4843 666 4899; x_wconf 64' lang='lat' dir='ltr'><strong>reverentissimi</strong></span> <span class='ocrx_word' id='word_1_716' title='bbox 678 4859 753 4915; x_wconf 78' lang='lat' dir='ltr'><strong>papre</strong></span> <span class='ocrx_word' id='word_1_717' title='bbox 767 4845 878 4902; x_wconf 75' lang='lat' dir='ltr'><strong>adrine</strong></span> <span class='ocrx_word' id='word_1_718' title='bbox 890 4848 963 4903; x_wconf 91' lang='lat' dir='ltr'><strong>saln-</strong></span> <span class='ocrx_word' id='word_1_719' title='bbox 1012 4853 1041 4908; x_wconf 89' lang='lat' dir='ltr'><strong>in</strong></span> <span class='ocrx_word' id='word_1_720' title='bbox 1054 4851 1146 4914; x_wconf 89' lang='lat' dir='ltr'><strong>Patre,</strong></span> <span class='ocrx_word' id='word_1_721' title='bbox 1167 4847 1236 4904; x_wconf 82' lang='lat' dir='ltr'><strong>Filio</strong></span> <span class='ocrx_word' id='word_1_722' title='bbox 1258 4855 1286 4902; x_wconf 91' lang='lat' dir='ltr'><strong>et</strong></span> <span class='ocrx_word' id='word_1_723' title='bbox 1308 4845 1410 4916; x_wconf 88' lang='lat' dir='ltr'><strong>Spiritu</strong></span> <span class='ocrx_word' id='word_1_724' title='bbox 1434 4854 1528 4902; x_wconf 88' lang='lat' dir='ltr'><strong>saneto</strong></span> <span class='ocrx_word' id='word_1_725' title='bbox 1550 4846 1658 4903; x_wconf 89' lang='lat' dir='ltr'><strong>condita</strong></span> <span class='ocrx_word' id='word_1_726' title='bbox 1671 4864 1678 4900; x_wconf 77' lang='grc' dir='ltr'>ι</span> <span class='ocrx_word' id='word_1_727' title='bbox 1698 4853 1727 4901; x_wconf 83' lang='grc' dir='ltr'><strong>ιι</strong></span> <span class='ocrx_word' id='word_1_728' title='bbox 1748 4845 1812 4900; x_wconf 88' lang='lat' dir='ltr'><strong>licet</strong></span> 
     </span>
     <span class='ocr_line' id='line_1_51' title="bbox 168 4926 1812 5007; baseline -0.01 1"><span class='ocrx_word' id='word_1_729' title='bbox 168 4926 274 4982; x_wconf 53' lang='lat' dir='ltr'><strong>mm</strong></span> <span class='ocrx_word' id='word_1_730' title='bbox 289 4928 524 4988; x_wconf 53' lang='lat' dir='ltr'><strong>⁰¹¹mf¹⁸²i⁰¹¹5¹l¹¹⁵</strong></span> <span class='ocrx_word' id='word_1_731' title='bbox 542 4949 639 5003; x_wconf 77' lang='lat' dir='ltr'><strong>l¹⁸rere</strong></span> <span class='ocrx_word' id='word_1_732' title='bbox 659 4936 796 4993; x_wconf 86' lang='lat' dir='ltr'><strong>nitentes:</strong></span> <span class='ocrx_word' id='word_1_733' title='bbox 817 4937 921 4995; x_wconf 85' lang='lat' dir='ltr'><strong>scilicet</strong></span> <span class='ocrx_word' id='word_1_734' title='bbox 934 4949 964 4994; x_wconf 91' lang='lat' dir='ltr'><strong>ut</strong></span> <span class='ocrx_word' id='word_1_735' title='bbox 1012 4942 1094 4997; x_wconf 87' lang='lat' dir='ltr'><strong>nnius</strong></span> <span class='ocrx_word' id='word_1_736' title='bbox 1108 4941 1144 4997; x_wconf 91' lang='lat' dir='ltr'><strong>sit</strong></span> <span class='ocrx_word' id='word_1_737' title='bbox 1156 4939 1202 4994; x_wconf 92' lang='lat' dir='ltr'><strong>illa</strong></span> <span class='ocrx_word' id='word_1_738' title='bbox 1217 4945 1331 5003; x_wconf 80' lang='lat' dir='ltr'><strong>nature,</strong></span> <span class='ocrx_word' id='word_1_739' title='bbox 1348 4946 1403 4992; x_wconf 89' lang='lat' dir='ltr'><strong>tres</strong></span> <span class='ocrx_word' id='word_1_740' title='bbox 1418 4943 1507 4991; x_wconf 70' lang='lat' dir='ltr'><strong>emen</strong></span> <span class='ocrx_word' id='word_1_741' title='bbox 1521 4936 1548 4990; x_wconf 89' lang='lat' dir='ltr'><strong>in</strong></span> <span class='ocrx_word' id='word_1_742' title='bbox 1561 4951 1591 4992; x_wconf 87' lang='lat' dir='ltr'><strong>se</strong></span> <span class='ocrx_word' id='word_1_743' title='bbox 1609 4936 1754 5007; x_wconf 78' lang='lat' dir='ltr'><strong>dignitates</strong></span> <span class='ocrx_word' id='word_1_744' title='bbox 1766 4936 1812 4992; x_wconf 88' lang='lat' dir='ltr'><strong>ba·</strong></span> 
     </span>
     <span class='ocr_line' id='line_1_52' title="bbox 166 5017 1808 5099; baseline 0.002 -24"><span class='ocrx_word' id='word_1_745' title='bbox 166 5017 258 5088; x_wconf 74' lang='grc' dir='ltr'>ιιιιιιιιι</span> <span class='ocrx_word' id='word_1_746' title='bbox 267 5019 341 5075; x_wconf 89' lang='lat' dir='ltr'><strong>iliius</strong></span> <span class='ocrx_word' id='word_1_747' title='bbox 350 5021 436 5090; x_wconf 88' lang='lat' dir='ltr'><strong>partis</strong></span> <span class='ocrx_word' id='word_1_748' title='bbox 446 5022 584 5091; x_wconf 71' lang='lat' dir='ltr'><strong>Ecclesiae,</strong></span> <span class='ocrx_word' id='word_1_749' title='bbox 594 5042 655 5096; x_wconf 70' lang='lat' dir='ltr'><strong>aare</strong></span> <span class='ocrx_word' id='word_1_750' title='bbox 665 5027 799 5097; x_wconf 77' lang='lat' dir='ltr'><strong>quondam</strong></span> <span class='ocrx_word' id='word_1_751' title='bbox 810 5030 964 5099; x_wconf 81' lang='lat' dir='ltr'><strong>apostoliea</strong></span> <span class='ocrx_word' id='word_1_752' title='bbox 1013 5033 1075 5095; x_wconf 89' lang='lat' dir='ltr'><strong>bet,</strong></span> <span class='ocrx_word' id='word_1_753' title='bbox 1096 5031 1122 5088; x_wconf 93' lang='lat' dir='ltr'><strong>id</strong></span> <span class='ocrx_word' id='word_1_754' title='bbox 1144 5037 1186 5086; x_wconf 89' lang='lat' dir='ltr'><strong>est</strong></span> <span class='ocrx_word' id='word_1_755' title='bbox 1208 5029 1388 5092; x_wconf 82' lang='lat' dir='ltr'><strong>intellectuat,</strong></span> <span class='ocrx_word' id='word_1_756' title='bbox 1410 5028 1575 5081; x_wconf 87' lang='lat' dir='ltr'><strong>rolurrtatern</strong></span> <span class='ocrx_word' id='word_1_757' title='bbox 1592 5034 1619 5080; x_wconf 87' lang='lat' dir='ltr'><strong>et</strong></span> <span class='ocrx_word' id='word_1_758' title='bbox 1639 5026 1808 5090; x_wconf 86' lang='lat' dir='ltr'><strong>memoriam,</strong></span> 
     </span>
     <span class='ocr_line' id='line_1_53' title="bbox 166 5111 1812 5194; baseline 0.002 -26"><span class='ocrx_word' id='word_1_759' title='bbox 166 5111 239 5168; x_wconf 88' lang='lat' dir='ltr'><strong>sedis</strong></span> <span class='ocrx_word' id='word_1_760' title='bbox 252 5113 425 5171; x_wconf 82' lang='lat' dir='ltr'><strong>traditionem</strong></span> <span class='ocrx_word' id='word_1_761' title='bbox 439 5116 467 5171; x_wconf 92' lang='lat' dir='ltr'><strong>in</strong></span> <span class='ocrx_word' id='word_1_762' title='bbox 477 5117 617 5188; x_wconf 86' lang='lat' dir='ltr'><strong>psallendo</strong></span> <span class='ocrx_word' id='word_1_763' title='bbox 633 5121 771 5192; x_wconf 88' lang='lat' dir='ltr'><strong>suscipere</strong></span> <span class='ocrx_word' id='word_1_764' title='bbox 791 5123 963 5188; x_wconf 87' lang='lat' dir='ltr'><strong>recusabant,</strong></span> <span class='ocrx_word' id='word_1_765' title='bbox 1013 5124 1085 5194; x_wconf 84' lang='lat' dir='ltr'><strong>quod</strong></span> <span class='ocrx_word' id='word_1_766' title='bbox 1102 5123 1172 5179; x_wconf 88' lang='lat' dir='ltr'><strong>idem</strong></span> <span class='ocrx_word' id='word_1_767' title='bbox 1186 5120 1248 5176; x_wconf 90' lang='lat' dir='ltr'><strong>licet</strong></span> <span class='ocrx_word' id='word_1_768' title='bbox 1265 5118 1428 5176; x_wconf 76' lang='lat' dir='ltr'><strong>allisionis</strong></span> <span class='ocrx_word' id='word_1_769' title='bbox 1451 5117 1478 5171; x_wconf 94' lang='lat' dir='ltr'><strong>in</strong></span> <span class='ocrx_word' id='word_1_770' title='bbox 1494 5117 1640 5187; x_wconf 71' lang='lat' dir='ltr'><strong>Evangelio</strong></span> <span class='ocrx_word' id='word_1_771' title='bbox 1654 5117 1812 5187; x_wconf 71' lang='lat' dir='ltr'><strong>designatur</strong></span> 
     </span>
     <span class='ocr_line' id='line_1_54' title="bbox 166 5207 1810 5285; baseline 0.001 -27"><span class='ocrx_word' id='word_1_772' title='bbox 166 5219 240 5262; x_wconf 91' lang='lat' dir='ltr'><strong>nunc</strong></span> <span class='ocrx_word' id='word_1_773' title='bbox 254 5219 315 5262; x_wconf 80' lang='lat' dir='ltr'><strong>eam</strong></span> <span class='ocrx_word' id='word_1_774' title='bbox 332 5222 394 5263; x_wconf 89' lang='lat' dir='ltr'><strong>cum</strong></span> <span class='ocrx_word' id='word_1_775' title='bbox 408 5211 482 5266; x_wconf 88' lang='lat' dir='ltr'><strong>omni</strong></span> <span class='ocrx_word' id='word_1_776' title='bbox 494 5211 633 5281; x_wconf 75' lang='lat' dir='ltr'><strong>diligentia</strong></span> <span class='ocrx_word' id='word_1_777' title='bbox 648 5213 855 5285; x_wconf 88' lang='lat' dir='ltr'><strong>amplectantur,</strong></span> <span class='ocrx_word' id='word_1_778' title='bbox 877 5223 905 5272; x_wconf 91' lang='lat' dir='ltr'><strong>et</strong></span> <span class='ocrx_word' id='word_1_779' title='bbox 920 5218 963 5273; x_wconf 85' lang='lat' dir='ltr'><strong>cni</strong></span> <span class='ocrx_word' id='word_1_780' title='bbox 1013 5214 1078 5268; x_wconf 87' lang='lat' dir='ltr'><strong>dum</strong></span> <span class='ocrx_word' id='word_1_781' title='bbox 1093 5212 1212 5269; x_wconf 86' lang='lat' dir='ltr'><strong>dicitur:</strong></span> <span class='ocrx_word' id='word_1_782' title='bbox 1226 5209 1326 5281; x_wconf 74' lang='lat' dir='ltr'><strong>[illices</strong></span> <span class='ocrx_word' id='word_1_783' title='bbox 1345 5209 1485 5264; x_wconf 84' lang='lat' dir='ltr'><strong>Donrinanr</strong></span> <span class='ocrx_word' id='word_1_784' title='bbox 1506 5207 1590 5262; x_wconf 78' lang='lat' dir='ltr'><strong>borna</strong></span> <span class='ocrx_word' id='word_1_785' title='bbox 1608 5217 1682 5262; x_wconf 88' lang='lat' dir='ltr'><strong>tunm</strong></span> <span class='ocrx_word' id='word_1_786' title='bbox 1703 5222 1736 5262; x_wconf 79' lang='lat' dir='ltr'><strong>er</strong></span> <span class='ocrx_word' id='word_1_787' title='bbox 1755 5215 1810 5261; x_wconf 87' lang='lat' dir='ltr'><strong>toto</strong></span> 
     </span>
     <span class='ocr_line' id='line_1_55' title="bbox 167 5296 1810 5379; baseline -0.001 -28"><span class='ocrx_word' id='word_1_788' title='bbox 167 5296 339 5354; x_wconf 77' lang='lat' dir='ltr'><strong>edbeesersat</strong></span> <span class='ocrx_word' id='word_1_789' title='bbox 356 5299 417 5356; x_wconf 89' lang='lat' dir='ltr'><strong>tldei</strong></span> <span class='ocrx_word' id='word_1_790' title='bbox 441 5317 562 5364; x_wconf 87' lang='lat' dir='ltr'><strong>munere,</strong></span> <span class='ocrx_word' id='word_1_791' title='bbox 586 5306 744 5360; x_wconf 76' lang='lat' dir='ltr'><strong>adhaereant</strong></span> <span class='ocrx_word' id='word_1_792' title='bbox 766 5321 874 5377; x_wconf 83' lang='lat' dir='ltr'><strong>quoque</strong></span> <span class='ocrx_word' id='word_1_793' title='bbox 894 5307 966 5379; x_wconf 88' lang='lat' dir='ltr'><strong>psol-</strong></span> <span class='ocrx_word' id='word_1_794' title='bbox 1013 5303 1092 5359; x_wconf 86' lang='lat' dir='ltr'><strong>corde</strong></span> <span class='ocrx_word' id='word_1_795' title='bbox 1106 5312 1163 5370; x_wconf 83' lang='lat' dir='ltr'><strong>teo,</strong></span> <span class='ocrx_word' id='word_1_796' title='bbox 1177 5311 1201 5356; x_wconf 87' lang='lat' dir='ltr'><strong>et</strong></span> <span class='ocrx_word' id='word_1_797' title='bbox 1214 5317 1247 5356; x_wconf 80' lang='lat' dir='ltr'><strong>ec</strong></span> <span class='ocrx_word' id='word_1_798' title='bbox 1259 5310 1315 5355; x_wconf 84' lang='lat' dir='ltr'><strong>toto</strong></span> <span class='ocrx_word' id='word_1_799' title='bbox 1328 5300 1417 5354; x_wconf 86' lang='lat' dir='ltr'><strong>animo</strong></span> <span class='ocrx_word' id='word_1_800' title='bbox 1433 5309 1489 5362; x_wconf 84' lang='lat' dir='ltr'><strong>tna,</strong></span> <span class='ocrx_word' id='word_1_801' title='bbox 1510 5307 1534 5352; x_wconf 87' lang='lat' dir='ltr'><strong>st</strong></span> <span class='ocrx_word' id='word_1_802' title='bbox 1549 5314 1581 5353; x_wconf 79' lang='lat' dir='ltr'><strong>ee</strong></span> <span class='ocrx_word' id='word_1_803' title='bbox 1594 5305 1650 5353; x_wconf 85' lang='lat' dir='ltr'><strong>tora</strong></span> <span class='ocrx_word' id='word_1_804' title='bbox 1668 5305 1752 5351; x_wconf 85' lang='lat' dir='ltr'><strong>mente</strong></span> <span class='ocrx_word' id='word_1_805' title='bbox 1762 5306 1810 5350; x_wconf 82' lang='lat' dir='ltr'><strong>tea</strong></span> 
     </span>
     <span class='ocr_line' id='line_1_56' title="bbox 167 5386 1811 5467; baseline -0.001 -24"><span class='ocrx_word' id='word_1_806' title='bbox 167 5387 240 5443; x_wconf 75' lang='lat' dir='ltr'><strong>endi</strong></span> <span class='ocrx_word' id='word_1_807' title='bbox 264 5390 377 5447; x_wconf 65' lang='lat' dir='ltr'><strong>ordiam</strong></span> <span class='ocrx_word' id='word_1_808' title='bbox 397 5393 470 5463; x_wconf 82' lang='lat' dir='ltr'><strong>qaod</strong></span> <span class='ocrx_word' id='word_1_809' title='bbox 488 5409 541 5449; x_wconf 90' lang='lat' dir='ltr'><strong>non</strong></span> <span class='ocrx_word' id='word_1_810' title='bbox 558 5395 646 5451; x_wconf 87' lang='lat' dir='ltr'><strong>solum</strong></span> <span class='ocrx_word' id='word_1_811' title='bbox 673 5397 794 5452; x_wconf 87' lang='lat' dir='ltr'><strong>naariam</strong></span> <span class='ocrx_word' id='word_1_812' title='bbox 816 5397 964 5454; x_wconf 86' lang='lat' dir='ltr'><strong>Galliarum</strong></span> <span class='ocrx_word' id='word_1_813' title='bbox 1015 5393 1104 5467; x_wconf 79' lang='lat' dir='ltr'><strong>(beu.</strong></span> <span class='ocrx_word' id='word_1_814' title='bbox 1116 5394 1166 5464; x_wconf 85' lang='grc' dir='ltr'>ιι),</span> <span class='ocrx_word' id='word_1_815' title='bbox 1179 5394 1267 5461; x_wconf 89' lang='lat' dir='ltr'><strong>idest,</strong></span> <span class='ocrx_word' id='word_1_816' title='bbox 1278 5408 1310 5448; x_wconf 86' lang='lat' dir='ltr'><strong>er</strong></span> <span class='ocrx_word' id='word_1_817' title='bbox 1323 5400 1380 5448; x_wconf 91' lang='lat' dir='ltr'><strong>tcto</strong></span> <span class='ocrx_word' id='word_1_818' title='bbox 1392 5391 1541 5455; x_wconf 77' lang='lat' dir='ltr'><strong>intellectu,</strong></span> <span class='ocrx_word' id='word_1_819' title='bbox 1561 5398 1632 5447; x_wconf 79' lang='lat' dir='ltr'><strong>etex</strong></span> <span class='ocrx_word' id='word_1_820' title='bbox 1649 5397 1705 5445; x_wconf 90' lang='lat' dir='ltr'><strong>tota</strong></span> <span class='ocrx_word' id='word_1_821' title='bbox 1716 5386 1811 5444; x_wconf 80' lang='lat' dir='ltr'><strong>solun·</strong></span> 
     </span>
     <span class='ocr_line' id='line_1_57' title="bbox 168 5481 1808 5554; baseline -0.002 -15"><span class='ocrx_word' id='word_1_822' title='bbox 168 5481 324 5550; x_wconf 67' lang='lat' dir='ltr'><strong>prerimiaes,</strong></span> <span class='ocrx_word' id='word_1_823' title='bbox 340 5492 368 5539; x_wconf 88' lang='lat' dir='ltr'><strong>et</strong></span> <span class='ocrx_word' id='word_1_824' title='bbox 380 5484 536 5552; x_wconf 65' lang='lat' dir='ltr'><strong>domania,</strong></span> <span class='ocrx_word' id='word_1_825' title='bbox 550 5488 608 5543; x_wconf 82' lang='lat' dir='ltr'><strong>sire</strong></span> <span class='ocrx_word' id='word_1_826' title='bbox 622 5487 707 5554; x_wconf 82' lang='lat' dir='ltr'><strong>ltalia,</strong></span> <span class='ocrx_word' id='word_1_827' title='bbox 723 5489 864 5545; x_wconf 88' lang='lat' dir='ltr'><strong>sedetiam</strong></span> <span class='ocrx_word' id='word_1_828' title='bbox 881 5489 965 5546; x_wconf 81' lang='lat' dir='ltr'><strong>Sano-</strong></span> <span class='ocrx_word' id='word_1_829' title='bbox 1016 5496 1080 5551; x_wconf 92' lang='lat' dir='ltr'><strong>tate,</strong></span> <span class='ocrx_word' id='word_1_830' title='bbox 1095 5496 1123 5543; x_wconf 90' lang='lat' dir='ltr'><strong>et</strong></span> <span class='ocrx_word' id='word_1_831' title='bbox 1134 5504 1167 5544; x_wconf 81' lang='lat' dir='ltr'><strong>er</strong></span> <span class='ocrx_word' id='word_1_832' title='bbox 1184 5495 1240 5543; x_wconf 85' lang='lat' dir='ltr'><strong>tota</strong></span> <span class='ocrx_word' id='word_1_833' title='bbox 1257 5483 1470 5543; x_wconf 72' lang='lat' dir='ltr'><strong>memorialem</strong></span> <span class='ocrx_word' id='word_1_834' title='bbox 1492 5483 1564 5540; x_wconf 91' lang='lat' dir='ltr'><strong>sieut</strong></span> <span class='ocrx_word' id='word_1_835' title='bbox 1575 5498 1610 5539; x_wconf 81' lang='lat' dir='ltr'><strong>ex</strong></span> <span class='ocrx_word' id='word_1_836' title='bbox 1627 5482 1708 5537; x_wconf 88' lang='lat' dir='ltr'><strong>Patre</strong></span> <span class='ocrx_word' id='word_1_837' title='bbox 1726 5494 1808 5552; x_wconf 76' lang='lat' dir='ltr'><strong>gene·</strong></span> 
     </span>
     <span class='ocr_line' id='line_1_58' title="bbox 168 5574 1810 5650; baseline 0.001 -23"><span class='ocrx_word' id='word_1_838' title='bbox 168 5587 218 5627; x_wconf 88' lang='lat' dir='ltr'><strong>nes</strong></span> <span class='ocrx_word' id='word_1_839' title='bbox 238 5582 264 5628; x_wconf 89' lang='lat' dir='ltr'><strong>et</strong></span> <span class='ocrx_word' id='word_1_840' title='bbox 283 5574 406 5645; x_wconf 73' lang='lat' dir='ltr'><strong>quedam</strong></span> <span class='ocrx_word' id='word_1_841' title='bbox 425 5576 597 5647; x_wconf 76' lang='lat' dir='ltr'><strong>darriloaaris</strong></span> <span class='ocrx_word' id='word_1_842' title='bbox 613 5578 699 5650; x_wconf 76' lang='lat' dir='ltr'><strong>plagrc</strong></span> <span class='ocrx_word' id='word_1_843' title='bbox 712 5588 806 5650; x_wconf 64' lang='lat' dir='ltr'><strong>penes</strong></span> <span class='ocrx_word' id='word_1_844' title='bbox 823 5595 871 5649; x_wconf 90' lang='lat' dir='ltr'><strong>per</strong></span> <span class='ocrx_word' id='word_1_845' title='bbox 894 5596 964 5642; x_wconf 89' lang='lat' dir='ltr'><strong>nos,</strong></span> <span class='ocrx_word' id='word_1_846' title='bbox 1016 5588 1092 5635; x_wconf 90' lang='lat' dir='ltr'><strong>ratur</strong></span> <span class='ocrx_word' id='word_1_847' title='bbox 1103 5575 1196 5642; x_wconf 83' lang='lat' dir='ltr'><strong>Filius,</strong></span> <span class='ocrx_word' id='word_1_848' title='bbox 1211 5594 1244 5634; x_wconf 84' lang='lat' dir='ltr'><strong>er</strong></span> <span class='ocrx_word' id='word_1_849' title='bbox 1261 5577 1341 5633; x_wconf 85' lang='lat' dir='ltr'><strong>Patre</strong></span> <span class='ocrx_word' id='word_1_850' title='bbox 1355 5577 1476 5647; x_wconf 82' lang='lat' dir='ltr'><strong>Filioque</strong></span> <span class='ocrx_word' id='word_1_851' title='bbox 1488 5574 1610 5645; x_wconf 88' lang='lat' dir='ltr'><strong>procedit</strong></span> <span class='ocrx_word' id='word_1_852' title='bbox 1621 5574 1739 5647; x_wconf 83' lang='lat' dir='ltr'><strong>Spiritus</strong></span> <span class='ocrx_word' id='word_1_853' title='bbox 1747 5589 1810 5629; x_wconf 89' lang='lat' dir='ltr'><strong>san-</strong></span> 
     </span>
     <span class='ocr_line' id='line_1_59' title="bbox 171 5662 1811 5740; baseline 0.004 -24"><span class='ocrx_word' id='word_1_854' title='bbox 171 5662 225 5716; x_wconf 86' lang='lat' dir='ltr'><strong>liro</strong></span> <span class='ocrx_word' id='word_1_855' title='bbox 241 5672 391 5730; x_wconf 85' lang='lat' dir='ltr'><strong>annacutc,</strong></span> <span class='ocrx_word' id='word_1_856' title='bbox 412 5668 445 5722; x_wconf 91' lang='lat' dir='ltr'><strong>ad</strong></span> <span class='ocrx_word' id='word_1_857' title='bbox 461 5681 532 5723; x_wconf 82' lang='lat' dir='ltr'><strong>rerae</strong></span> <span class='ocrx_word' id='word_1_858' title='bbox 555 5668 615 5723; x_wconf 87' lang='lat' dir='ltr'><strong>lidci</strong></span> <span class='ocrx_word' id='word_1_859' title='bbox 637 5669 787 5725; x_wconf 87' lang='lat' dir='ltr'><strong>rudimenta</strong></span> <span class='ocrx_word' id='word_1_860' title='bbox 809 5687 963 5734; x_wconf 80' lang='lat' dir='ltr'><strong>ccnrersc,</strong></span> <span class='ocrx_word' id='word_1_861' title='bbox 1016 5678 1085 5736; x_wconf 87' lang='lat' dir='ltr'><strong>ctus,</strong></span> <span class='ocrx_word' id='word_1_862' title='bbox 1101 5670 1185 5725; x_wconf 80' lang='lat' dir='ltr'><strong>itaer</strong></span> <span class='ocrx_word' id='word_1_863' title='bbox 1199 5669 1335 5726; x_wconf 86' lang='lat' dir='ltr'><strong>intellectu</strong></span> <span class='ocrx_word' id='word_1_864' title='bbox 1352 5674 1496 5740; x_wconf 77' lang='lat' dir='ltr'><strong>generatur</strong></span> <span class='ocrx_word' id='word_1_865' title='bbox 1517 5666 1651 5731; x_wconf 77' lang='lat' dir='ltr'><strong>rolnnms,</strong></span> <span class='ocrx_word' id='word_1_866' title='bbox 1670 5675 1699 5722; x_wconf 89' lang='lat' dir='ltr'><strong>ct</strong></span> <span class='ocrx_word' id='word_1_867' title='bbox 1713 5681 1748 5722; x_wconf 85' lang='lat' dir='ltr'><strong>ex</strong></span> <span class='ocrx_word' id='word_1_868' title='bbox 1768 5665 1811 5722; x_wconf 75' lang='lat' dir='ltr'><strong>bis</strong></span> 
     </span>
     <span class='ocr_line' id='line_1_60' title="bbox 170 5750 1812 5833; baseline 0.004 -28"><span class='ocrx_word' id='word_1_869' title='bbox 170 5750 260 5810; x_wconf 70' lang='lat' dir='ltr'><strong>scere</strong></span> <span class='ocrx_word' id='word_1_870' title='bbox 273 5767 429 5824; x_wconf 80' lang='lat' dir='ltr'><strong>noseorum,</strong></span> <span class='ocrx_word' id='word_1_871' title='bbox 443 5768 469 5814; x_wconf 90' lang='lat' dir='ltr'><strong>ct</strong></span> <span class='ocrx_word' id='word_1_872' title='bbox 484 5760 518 5815; x_wconf 91' lang='lat' dir='ltr'><strong>ita</strong></span> <span class='ocrx_word' id='word_1_873' title='bbox 533 5759 605 5816; x_wconf 88' lang='lat' dir='ltr'><strong>beati</strong></span> <span class='ocrx_word' id='word_1_874' title='bbox 618 5759 688 5817; x_wconf 81' lang='lat' dir='ltr'><strong>i&#39;ctri</strong></span> <span class='ocrx_word' id='word_1_875' title='bbox 702 5761 792 5817; x_wconf 85' lang='lat' dir='ltr'><strong>sedent</strong></span> <span class='ocrx_word' id='word_1_876' title='bbox 804 5761 830 5817; x_wconf 92' lang='lat' dir='ltr'><strong>in</strong></span> <span class='ocrx_word' id='word_1_877' title='bbox 841 5763 966 5818; x_wconf 88' lang='lat' dir='ltr'><strong>omnibus</strong></span> <span class='ocrx_word' id='word_1_878' title='bbox 1017 5760 1081 5817; x_wconf 86' lang='lat' dir='ltr'><strong>item</strong></span> <span class='ocrx_word' id='word_1_879' title='bbox 1094 5760 1224 5818; x_wconf 88' lang='lat' dir='ltr'><strong>ambobus</strong></span> <span class='ocrx_word' id='word_1_880' title='bbox 1238 5759 1358 5833; x_wconf 84' lang='lat' dir='ltr'><strong>procedit</strong></span> <span class='ocrx_word' id='word_1_881' title='bbox 1375 5759 1516 5827; x_wconf 85' lang='lat' dir='ltr'><strong>anemoria,</strong></span> <span class='ocrx_word' id='word_1_882' title='bbox 1540 5759 1609 5816; x_wconf 88' lang='lat' dir='ltr'><strong>sicut</strong></span> <span class='ocrx_word' id='word_1_883' title='bbox 1633 5756 1711 5815; x_wconf 87' lang='lat' dir='ltr'><strong>laeile</strong></span> <span class='ocrx_word' id='word_1_884' title='bbox 1728 5774 1744 5813; x_wconf 91' lang='lat' dir='ltr'><strong>a</strong></span> <span class='ocrx_word' id='word_1_885' title='bbox 1766 5772 1812 5812; x_wconf 84' lang='lat' dir='ltr'><strong>se·</strong></span> 
     </span>
    </p>
   </div>
   <div class='ocr_carea' id='block_1_3' title="bbox 0 0 2047 6192">
    <p class='ocr_par' dir='ltr' id='par_1_3' title="bbox 0 0 2047 6192">
     <span class='ocr_line' id='line_1_61' title="bbox 0 0 2047 6192; baseline 0 0"><span class='ocrx_word' id='word_1_886' title='bbox 0 0 2047 6192; x_wconf 95' lang='lat' dir='ltr'><strong> </strong></span> 
     </span>
    </p>
   </div>
  </div>
 </body>
</html>
