4050 6192
180 222 250 279 lidii
914 213 1076 270 subeunt
1267 223 1270 230 ’
1746 211 1813 264 ltin

177 331 379 392 exaltationem.
405 329 441 388 Ut
462 346 522 402 quae
539 346 611 388 nune
630 330 778 389 serissima
803 345 968 403 paganorum
984 334 1005 388 b
1021 327 1190 400 eleemosyna
1204 335 1296 384 nostra
1310 327 1345 384 acl
1358 327 1480 383 earndcm
1504 341 1581 383 suam
1593 327 1683 385 semna
1697 326 1815 397 aliquam

180 423 255 480 rabie
265 419 369 491 dejecta
384 430 410 478 et
424 422 583 478 conculcata
595 423 717 478 cernitur
731 430 824 478 nostro
837 420 969 492 imperiali
1021 418 1172 490 portionem
1191 418 1369 484 hereditatis,
1384 433 1464 488 quam
1487 417 1646 489 llotgandus
1659 415 1814 488 longobar-

179 514 248 585 crigi
263 528 314 569 con
317 551 372 567 .....
387 520 450 568 atur
466 511 643 586 [consoletur]
660 526 781 568 munere.
800 512 971 583 Quapropter
1021 515 1086 580 dus,
1100 521 1128 571 et
1147 528 1292 585 germanus
1308 512 1380 568 illius
1391 511 1468 567 Felix
1479 510 1550 566 intra
1563 510 1701 567 civitatem
1713 509 1756 566 uel
1770 508 1814 566 lo·

182 608 230 663 bas
252 613 422 676 precepta...
435 618 466 659 es
485 603 682 677 [praeceptales]
700 604 806 660 litteras
827 602 971 658 omninoa
1021 604 1061 659 ris
1081 618 1165 674 prope
1181 603 1282 660 moenia
1298 601 1416 658 civitatis
1430 600 1515 671 ipsius
1526 600 1694 667 babuerunt,
1712 609 1741 655 et
1752 615 1816 671 pro-

181 707 274 755 nostro
288 693 432 763 ntrncju...
444 694 527 769 [jure]
548 695 743 753 baumadimus
757 697 784 752 in
797 694 842 764 jus
845 732 898 748 .....
917 701 972 748 sta·
1021 703 1082 764 pter
1099 709 1194 750 eorum
1207 693 1408 756 infidelitatem,
1426 691 1489 761 quia
1501 707 1563 747 cum
1574 690 1715 762 Rotgando
1727 706 1816 761 quon-

182 799 236 846 tem
250 789 290 863 [et
303 786 477 860 potestatem]
490 787 581 843 domni
593 785 850 857 supradictiPaulini
860 784 973 856 patriar·
1023 786 1085 841 dnm
1112 785 1216 841 infideli
1242 785 1318 857 doeg,
1339 782 1448 838 luemut
1462 780 1607 848 interlecti,
1630 781 1659 836 in
1678 782 1816 852 publicum

182 881 346 938 cbaeomnin
348 916 403 934 .....
414 878 477 934 llius
490 876 971 951 [omniumqueilliuslsuccessorum
1022 887 1146 936 mamm
1159 877 1306 933 secundum
1318 876 1405 947 legem
1419 875 1586 932 Francorum
1599 874 1642 929 sel
1657 874 1815 945 longobar-

182 987 230 1029 sex
240 987 318 1044 ep...
329 979 410 1042 patus
425 967 629 1043 [episcopatum.
644 967 733 1024 Unum
742 967 874 1024 videlic...
889 963 975 1038 [title-
1023 975 1120 1030 dorum
1132 973 1292 1038 deverteram
1304 979 1332 1027 et
1341 979 1403 1041 post
1412 969 1520 1026 illomm
1531 969 1645 1024 duorum
1658 967 1773 1024 fratrum
1783 968 1816 1024 de

184 1062 257 1135 licet]
277 1061 498 1118 oouwrdieusem
522 1061 549 1116 ²¹
551 1099 607 1116 ·····
624 1060 744 1117 inensem
772 1056 973 1133 [Uticensem],
1024 1065 1076 1120 bae
1094 1063 1156 1118 luce
1169 1061 1273 1117 ebitum
1288 1060 1398 1131 quidam
1416 1058 1502 1114 tidelis
1515 1057 1727 1114 nosternomine
1745 1057 1818 1112 Lan-

184 1152 294 1208 tcrtium
320 1150 405 1219 llum,
430 1150 477 1224 qui
491 1150 563 1221 apud
584 1150 722 1207 ciuitatem
743 1162 841 1204 noram
865 1146 975 1204 Histriae
1024 1154 1085 1210 dola
1103 1167 1153 1226 per
1168 1137 1292 1208 nostrfflu
1311 1150 1398 1205 tenuit
1422 1146 1599 1214 beneficium,
1618 1154 1647 1203 et
1662 1156 1724 1219 post
1738 1144 1818 1215 bnjus

185 1262 200 1302 c
202 1283 256 1300 ·····
268 1244 399 1299 nstitutus
411 1239 671 1316 [consillumslfflw
689 1241 831 1307 noscitur,
847 1246 976 1310 <luam
1026 1248 1176 1305 discessum
1194 1246 1288 1301 Bonm
1311 1243 1383 1300 lilius
1406 1242 1466 1311 eius
1487 1242 1619 1298 hactenus
1633 1248 1726 1296 mucre
1744 1239 1819 1297 risus

185 1351 251 1392 vero
274 1335 479 1405 Rusissenoems
501 1333 625 1404 quintum
649 1330 847 1398 Pentelensem,
869 1335 976 1386 sexium
1025 1337 1086 1402 luit,
1100 1337 1268 1392 traderemus
1279 1333 1320 1389 rel
1330 1332 1563 1396 confirmaremus,
1577 1338 1709 1400 quatenus
1722 1345 1820 1401 oppor-

187 1469 243 1488 .....
255 1431 449 1487 nrsatieeusem
460 1424 695 1500 [Tarsatienseml.
706 1424 836 1482 luamus
848 1423 975 1492 de....q..
1026 1429 1119 1483 tonius
1134 1433 1216 1496 atque
1226 1423 1365 1479 decentius
1377 1421 1446 1476 atria
1455 1418 1498 1476 rel
1507 1420 1627 1490 reliquas
1640 1419 1820 1475 mnsuucttc-

39 1477 72 1605 ut
187 1516 326 1594 [deniqne]
349 1532 382 1574 ae
402 1530 452 1588 per
463 1517 513 1572 bas
534 1523 636 1571 nostrae
648 1512 854 1585 magniucenttae
872 1510 977 1566 litteras
1027 1532 1092 1582 nes,
1111 1530 1172 1587 que
1184 1515 1219 1570 ad
1232 1516 1364 1569 bonorem
1378 1511 1452 1567 illius
1462 1510 1514 1568 loci
1528 1511 1708 1584 pcrtinercut;
1724 1526 1821 1568 secun-

186 1607 337 1665 sant'tenlet
352 1603 489 1676 iubemus,
507 1612 539 1661 tlt
561 1604 589 1660 iu
604 1603 647 1661 hit
666 1600 978 1674 praewminll11810···i⁸
1028 1607 1092 1664 dum
1104 1606 1176 1676 quod
1188 1605 1245 1675 ipse
1259 1610 1350 1658 mente
1361 1602 1473 1673 provida
1486 1609 1661 1668 tractaverat,
1672 1601 1820 1674 adimplere

73 1687 76 1696 '
187 1697 277 1774 [locis]
300 1698 442 1771 episcopos
461 1696 604 1753 ordinandi
625 1711 659 1752 ac
679 1692 791 1764 regendi
818 1693 875 1749 sire
894 1690 976 1749 dandi
993 1695 1126 1755 Bvaleat.
1142 1693 1197 1751 llos
1207 1708 1273 1750 rero
1282 1693 1316 1748 dc
1328 1700 1383 1747 tam
1391 1691 1513 1763 preclari
1523 1692 1612 1763 operis
1620 1692 1820 1749 constructione

188 1787 390 1858 nubusjttsrcl
409 1795 572 1859 potestatem
594 1787 697 1843 babere
724 1799 773 1842 scu
786 1799 915 1842 exercere
930 1782 979 1838 ali·
1029 1787 1172 1844 exhilarati
1193 1788 1378 1843 condonamus
1404 1794 1486 1856 atque
1511 1785 1703 1843 confirmamus
1726 1801 1822 1858 supra·

73 1947 76 1956 Ι
188 1879 295 1952 φιιιιᾶο
308 1885 470 1948 praesumat,
484 1885 585 1950 praeter
599 1891 679 1942 eum,
695 1875 741 1949 qui
755 1882 857 1930 sancte
869 1872 980 1945 Aquile-
1029 1877 1129 1933 dictam
1141 1877 1293 1948 portionem
1304 1876 1419 1933 duorum
1430 1874 1621 1945 praedictorum
1634 1873 1748 1930 fratrum
1761 1874 1821 1930 inti-

186 1967 406 2038 Jcnsisecclcaim
428 1966 611 2038 gubernaculo
629 1965 767 2021 ridebitur
780 1978 892 2035 regere,
910 1971 938 2019 et
950 1968 980 2016 ot
1030 1967 1131 2024 delium
1147 1966 1282 2040 Rogandi
1309 1967 1436 2025 uidelicet
1453 1975 1482 2023 et
1506 1964 1620 2031 Felicis,
1647 1980 1707 2036 quae
1725 1966 1760 2023 ab
1776 1963 1822 2036 ius

189 2073 229 2114 σει
238 2057 319 2131 [bec]
343 2057 492 2112 auctoritas
503 2056 607 2111 firmior
626 2055 768 2118 habeatur»
782 2068 815 2109 ac
827 2052 900 2108 ⁰le
912 2059 980 2107 lem·
1030 2067 1155 2116 nostmm
1168 2060 1306 2132 pertinere
1320 2060 1531 2133 dignoscebatur
1547 2059 1574 2114 in
1590 2058 1761 2130 eleemosyna
1771 2073 1822 2114 no-

189 2165 254 2221 nore
266 2147 558 2212 educeremur,
570 2146 771 2218 manupropria
784 2145 879 2202 ὓὶὼῑθῐ
890 2142 981 2199 firm·
1031 2159 1088 2206 stra
1113 2166 1163 2221 pro
1175 2150 1308 2207 mercedis
1319 2151 1417 2205 animae
1434 2158 1535 2206 nostrae
1547 2156 1722 2220 augmentum
1734 2148 1822 2205 eccle·

190 2241 288 2304 rimus,
306 2247 334 2295 et
346 2240 380 2296 dc
392 2239 492 2296 annulo
504 2247 598 2294 nestro
609 2235 871 2310 sigillarijussimns.
1030 2242 1079 2298 sie
1090 2241 1137 2296 bei
1149 2248 1251 2298 sancta
1262 2240 1402 2313 genitricis
1415 2240 1515 2306 Mariae,
1531 2239 1574 2296 rel
1583 2239 1618 2295 ad
1633 2239 1718 2310 ipsam
1730 2240 1821 2297 ιοιιαιι

225 2330 337 2401 Signum
351 2327 441 2385 Caroli
453 2328 642 2400 gloriosissimi
657 2327 840 2401 imperatoris.
1031 2331 1249 2404 Aquileiensem,
1267 2343 1298 2391 ut
1311 2333 1439 2404 perennis
1451 2332 1618 2404 temporibus
1630 2334 1664 2390 ad
1677 2335 1763 2404 ipsam
1780 2350 1822 2392 se

225 2417 343 2475 ¹³0⁰b⁰⁸
354 2419 389 2474 ld
398 2418 485 2474 licem
499 2417 600 2483 3³⁶⁰&
612 2419 722 2490 ὓθῑῑβθῑῑ
735 2425 763 2476 θῐ
773 2417 944 2494 fflhssfiiffl·
1032 2430 1093 2484 dem
1106 2435 1229 2490 sanctam
1240 2432 1366 2505 proliciat
1382 2433 1410 2489 in
1424 2428 1576 2506 augmentis
1597 2452 1604 2488 z
1624 2431 1703 2491 idest
1717 2432 1820 2499 domos,

227 2508 293 2564 ΒΜ
307 2506 394 2584 pridie
416 2507 506 2570 ΝΟΜ
520 2507 655 2587 studim
671 2525 742 2570 ²¹¹⁰0
757 2524 790 2570 ¹¹¹
806 2512 913 2583 lmlllffi
932 2525 981 2566 ¹¹⁰·
1032 2522 1151 2580 cultilem
1162 2539 1224 2581 eum
1235 2523 1375 2591 sedimine,
1388 2524 1469 2580 terris
1480 2524 1614 2590 aratoriis,
1625 2524 1722 2590 uineis,
1735 2525 1822 2589 sitris,

193 2603 252 2667 tiri.
265 2602 411 2659 indictione
422 2619 488 2661 lero
502 2620 522 2659 ¹·
1030 2615 1136 2686 pratis,
1158 2629 1206 2674 seu
1234 2614 1385 2687 portionem
1405 2613 1498 2681 illam,
1522 2627 1603 2684 quam
1627 2613 1655 2668 ln
1675 2620 1756 2685 portu
1773 2611 1823 2669 tlu-

227 2694 325 2752 Acfflm
339 2693 658 2751 R⁰mael¹¹1kiu⁰misse
676 2690 912 2751 feliciter-Amen·
936 2741 939 2745 ,
1033 2705 1133 2772 minis,
1155 2706 1227 2775 quod
1252 2712 1365 2761 uocatur
1379 2704 1546 2770 Natisionis,
1570 2705 1671 2761 babere
1692 2704 1743 2760 risi
1766 2702 1822 2761 lue

334 2807 336 2810 ’
473 2794 477 2798 ’
566 2814 611 2869 ῃι,
1033 2804 1113 2862 runt.
1132 2797 1203 2854 siem
1214 2794 1338 2866 superius
1352 2796 1620 2867 comprehendimus;
1640 2793 1769 2865 quidquid
1780 2794 1822 2849 in-

194 2902 892 2988 ,pgppmgmggwnfflmmgg„mmm
902 2905 985 2978 ΑΜ,
1035 2885 1281 2941 tracivitatemrcl
1294 2883 1367 2942 loras
1382 2900 1466 2957 prope
1488 2901 1580 2942 muros
1592 2886 1711 2942 civitatis
1729 2884 1825 2940 ditioni

396 2974 489 3046 lejcnn
503 2975 611 3030 ecclesia
621 2976 779 3047 reparando.
1036 2981 1136 3031 nostre
1147 2990 1182 3031 er
1198 2974 1257 3045 ipsa
1272 2974 1430 3031 hereditate
1447 2976 1583 3047 pertinere
1596 2976 1730 3041 rideatur,
1742 2976 1827 3031 tradi·

498 3064 586 3139 (Anno
601 3064 678 3138 812.)
996 3039 1022 3104 c
1037 3065 1400 3135 musasqueconttrmamus,
1414 3075 1443 3122 et
1454 3066 1654 3139 inperpetuum
1668 3082 1825 3123 mansorum

232 3156 262 3211 ln
274 3155 385 3213 nomine
397 3155 496 3223 Patris,
514 3165 543 3214 et
553 3155 630 3224 Filii,
644 3166 673 3213 et
689 3154 806 3229 Spiritus
814 3157 913 3214 sancti.
1037 3169 1098 3213 esse
1109 3154 1242 3213 volumus.
1259 3154 1367 3213 Tertius
1383 3156 1492 3227 quidem
1503 3155 1588 3212 lratcr
1600 3156 1708 3212 illomm
1717 3157 1827 3215 nomine

233 3245 347 3301 Carolus
359 3246 550 3304 serenissimos
564 3246 740 3319 Augustus,a
761 3248 818 3304 lico
829 3255 985 3314 coronatus,
1037 3244 1219 3317 landulphus,
1243 3245 1290 3317 qui
1303 3246 1331 3302 in
1350 3246 1509 3303 inlidelitate
1525 3261 1620 3303 eorum
1633 3261 1688 3303 non
1701 3261 1827 3317 persevc-

198 3334 311 3405 llagnus
323 3335 450 3404 pacilicus
465 3337 621 3405 imperator,
640 3338 824 3394 Romanomm
835 3339 988 3409 gubernans
1038 3336 1118 3401 ravit,
1135 3352 1212 3393 suam
1227 3337 1317 3395 adbuc
1327 3344 1399 3393 tenet
1411 3337 1573 3408 portionem.
1588 3336 1642 3392 Per
1655 3337 1760 3408 reliqna
1775 3353 1825 3393 au-

199 3424 351 3496 imperium,
376 3425 423 3494 qui
434 3433 462 3479 et
484 3440 533 3495 per
551 3427 765 3484 misericordiam
775 3428 823 3486 Ilei
839 3444 887 3486 rex
900 3429 987 3486 Fran·
1038 3434 1094 3482 tem
1106 3426 1166 3483 loca
1178 3425 1216 3482 ibi
1229 3433 1257 3482 et
1274 3427 1321 3484 nbi
1341 3426 1442 3496 aliquid
1452 3426 1485 3483 de
1502 3426 1720 3497 supradictorum
1732 3427 1828 3482 iulide-

198 3527 291 3570 oorum
308 3522 336 3568 ct
348 3512 597 3583 Langobardorum.
1038 3514 1103 3570 lium
1113 3514 1270 3570 haereditate
1279 3515 1313 3570 ad
1324 3529 1373 3570 nos
1382 3514 1513 3584 persenit,
1528 3521 1628 3571 nostrae
1637 3515 1771 3587 imperiali
1785 3529 1829 3572 re-

233 3601 368 3672 Qnidquid
380 3602 415 3657 ob
424 3617 544 3660 amorem
561 3604 611 3672 bei
624 3605 826 3677 omnipotentis,
841 3615 869 3664 et
882 3607 917 3664 ad
926 3609 986 3665 loca
1038 3604 1206 3661 servarimus
1219 3604 1393 3662 ordinationi.
1406 3604 1598 3677 Praecipientcs
1609 3621 1675 3679 crgo
1690 3607 1828 3678 jubemus,

197 3708 308 3751 mentm
328 3693 524 3750 venerabilium
539 3708 590 3765 pro
611 3698 744 3753 mercedis
765 3699 863 3754 animae
888 3707 989 3756 nostre
1037 3703 1068 3751 ut
1081 3691 1169 3751 nullus
1182 3681 1300 3749 bdelium
1315 3703 1469 3751 nostrorum
1482 3694 1626 3765 cuiuslibet
1639 3697 1759 3764 ordinis,
1771 3697 1829 3753 odl-

198 3792 344 3855 augmento
363 3783 484 3840 eedimm
496 3792 523 3840 ct
536 3784 730 3852 condonamus,
741 3787 793 3843 boc
804 3786 988 3857 nobisprocul
1039 3785 1085 3850 cii,
1106 3784 1276 3842 auctoritatis
1293 3794 1375 3855 atque
1397 3785 1509 3842 honoris
1521 3785 1647 3856 deinceps
1665 3787 1828 3844 inlaturum

198 3874 280 3928 dubio
289 3873 323 3928 ad
333 3881 462 3928 eternam
472 3874 808 3946 beatitudinempertiuere
817 3877 987 3934 conddimus.
1038 3874 1073 3930 de
1094 3874 1230 3945 praedictis
1247 3875 1340 3939 rebus,
1353 3889 1421 3944 (luas
1434 3875 1626 3946 perpetuali&
1646 3877 1719 3933 eirca
1740 3877 1827 3947 ipsum

197 3964 281 4035 lgitur
291 3971 385 4019 notum
398 3961 435 4017 sit
450 3962 570 4018 omnium
580 3962 700 4020 noctium
714 3972 870 4021 nostrorum
881 3966 988 4037 magni-
1039 3972 1163 4022 sanctum
1182 3964 1273 4022 locum
1295 3964 1477 4037 delegavimus
1489 3973 1571 4037 atque
1592 3967 1827 4033 confirmavimus,

199 4052 283 4108 tudini
295 4051 468 4123 praesentiam
478 4052 582 4108 seilicet
594 4061 623 4109 et
637 4051 801 4119 futurorum,
817 4053 935 4126 qualiter
943 4055 988 4109 sir
1039 4059 1160 4107 rectores
1182 4050 1268 4122 ipsius
1289 4058 1390 4106 sancte
1407 4050 1456 4106 bei
1476 4050 1604 4108 Ecclesia
1620 4053 1830 4123 praenominatas

198 4140 360 4197 remeabilis
380 4139 531 4198 llaxcntins
547 4142 702 4212 patriarcba
722 4142 867 4201 Serenitati
885 4153 987 4202 nostre
1039 4156 1084 4199 res
1106 4142 1141 4197 ab
1159 4140 1241 4197 ullius
1262 4140 1492 4210 contradictione,
1521 4143 1667 4214 mauguille
1684 4152 1713 4200 et
1739 4145 1831 4215 quiete

198 4232 342 4304 naasson,
369 4247 403 4289 eo
421 4231 492 4303 quod
509 4233 617 4301 sedeur,
633 4248 694 4304 que
715 4232 856 4305 Aquilegia
879 4234 990 4293 ciuitate
1036 4232 1099 4303 iure
1108 4239 1239 4302 perpetuo
1248 4231 1389 4302 possidere
1402 4231 1541 4304 impediti·
1561 4233 1595 4297 El
1605 4241 1635 4296 ut
1647 4235 1707 4292 hoec
1721 4236 1830 4292 traditio

198 4323 296 4396 priscis
309 4323 475 4395 temporibus
495 4332 649 4380 eonstmcta
670 4324 775 4393 morat,
793 4333 822 4382 ct
839 4326 875 4384 ob
886 4334 988 4383 metum
1041 4331 1068 4378 ct
1081 4320 1251 4379 conllrmatio
1269 4329 1362 4379 nostra
1379 4322 1495 4379 tirmiter
1512 4323 1658 4394 habeatur,
1672 4339 1704 4381 ac
1722 4340 1771 4396 per
1787 4325 1830 4382 lu·

199 4413 241 4468 rel
252 4411 391 4485 perfidiam
402 4411 554 4469 Gotborrrm
561 4423 590 4468 et
596 4411 757 4480 bearorum,
771 4428 819 4469 seu
829 4423 989 4471 caeterarum
1005 4373 1103 4472 Dtora
1127 4422 1249 4486 tempora
1271 4414 1369 4472 melim
1391 4425 1581 4484 conservetur,
1598 4404 1694 4475 'manu
1721 4422 1829 4492 propria

199 4503 337 4558 canonum
348 4502 476 4559 derelicta
487 4516 521 4558 ac
530 4503 666 4558 destructa
677 4502 809 4560 hactenus
820 4514 990 4563 remanserat
1041 4507 1264 4578 subscripsimus,
1284 4515 1313 4564 et
1330 4506 1365 4566 de
1378 4509 1478 4567 annulo
1499 4518 1595 4568 nostro
1608 4513 1704 4569 subtus
1718 4513 1831 4585 sigillari

198 4594 295 4652 diebus
305 4594 512 4662 assummum
529 4596 631 4652 amoris
648 4593 708 4652 lace
722 4610 869 4663 aseensus,
882 4597 990 4655 cbristo
1037 4594 1179 4666 jussimus.

198 4691 363 4757 prooegente,
378 4699 431 4740 nnn
443 4699 506 4740 cnm
520 4693 615 4741 nostro
633 4684 767 4756 adimorio
780 4671 938 4745 construere
949 4698 990 4746 at-
1076 4686 1143 4741 nata
1160 4701 1200 4741 ιιι
1218 4684 1278 4742 llal.
1294 4686 1416 4744 tannarii
1437 4687 1562 4745 annexu
1583 4688 1693 4748 cbristo
1713 4693 1831 4764 propitio

198 4790 252 4845 que
273 4788 400 4845 reparare
419 4775 452 4832 nd
467 4775 611 4846 pristinum
630 4777 764 4833 bonorem
783 4779 925 4848 cupiebam
940 4780 988 4836 sed
1041 4777 1148 4848 imperii
1169 4779 1266 4845 nostri,
1290 4789 1318 4835 et
1330 4795 1383 4836 xer
1395 4781 1471 4852 regni
1493 4781 1520 4836 in
1535 4780 1668 4851 Francia,
1691 4800 1783 4841 ιιιιιι
1803 4786 1831 4840 in

198 4865 262 4935 quia
278 4864 363 4928 locus,
380 4865 470 4936 inquo
483 4866 635 4923 boctacere
648 4868 768 4937 optabat,
786 4867 933 4925 admodum
944 4853 989 4926 arss
1041 4867 1128 4935 ltalia,
1143 4870 1293 4927 indictione
1303 4886 1320 4925 r
1330 4871 1356 4926 b.

198 4966 258 5013 etus
273 4957 316 5012 rel
335 4958 446 5016 strictus
460 4959 621 5026 habebatur,
633 4957 807 5029 utcondigne
821 4960 922 5017 ibidem
936 4962 988 5020 boc
1074 4959 1174 5016 Actum
1190 4960 1353 5032 Aquisgrani
1368 4962 1394 5015 in
1407 4960 1605 5035 palatioregio,
1619 4965 1646 5020 tn
1661 4965 1830 5024 balsamino

198 5045 287 5104 lacere
304 5062 359 5104 non
374 5048 481 5115 ualeat,
501 5048 580 5120 petiit
601 5048 760 5107 celsitudini
783 5059 894 5118 nostrae,
908 5060 939 5109 ut
960 5054 988 5109 in
1041 5051 1166 5109 feliciter.
1178 5051 1275 5107 brnen.
1375 5111 1380 5116 ,

232 5191 246 5221 ·
260 5178 430 5235 lotercbart.
443 5182 549 5236 comm.
562 5178 596 5235 de
606 5178 729 5236 blaniaco
738 5193 773 5234 cx
787 5178 835 5236 lib.
852 5179 987 5237 Thesauri
1041 5200 1103 5242 cum
1119 5193 1210 5240 tamen
1227 5198 1281 5238 non
1294 5184 1433 5240 concurrit
1443 5199 1532 5240 annus
1545 5200 1637 5242 xrxurr
1651 5188 1829 5259 regniltalici,
1857 5183 1859 5186 ’

198 5247 389 5376 &mileion
403 5249 477 5332 beel.
597 5319 630 5333 ..
750 5320 757 5333 ι
838 5318 845 5333 ι
1038 5256 1143 5338 duobus
1161 5253 1240 5336 annis
1260 5251 1457 5311 deicientibus.
1469 5254 1654 5337 ⁴Scribendum
1667 5271 1732 5340 ergo
1746 5270 1829 5342 esset,

197 5389 241 5448 „a
258 5318 986 5460 tdtrrttlltmtttmtdmtittt
1038 5323 1829 5452 diffidi*¹”¹¹¹‘⁶‘¹¹¹⁰‘¹¹¹⁰‘¹⁰“'⁵⁰¹'⁸⁰'¹¹‘²¹⁰⁹⁰¹¹¹¹²’

196 5473 297 5515 anum
318 5459 476 5529 quodetnm
497 5459 549 5515 luit
561 5459 687 5531 diploma,
708 5473 769 5519 csse
787 5475 907 5525 occcrn,
931 5474 985 5529 oue

318 5682 454 5744 Parnon.
475 5682 616 5747 xcvtrt.
