4050 6192
184 264 235 323 mr
515 257 608 317 sioni
626 259 797 318 canosini.
817 289 853 301 -
870 257 980 316 carn.
1002 257 1048 314 ou
1065 256 1159 314 inis.
1179 288 1215 299 -
1239 256 1319 314 ini.
1338 256 1475 315 issriu.
1761 266 1815 326 nor
1833 210 1846 234 ⁸

179 364 272 430 hiena
288 369 424 434 mdeste,
436 376 464 425 et
473 378 572 426 restra
585 379 612 426 ct
628 387 643 426 a
658 371 714 429 lieo
729 378 859 441 protecta
874 369 973 440 regalis
986 373 1011 432 Α
1024 366 1147 422 nonnihil
1165 381 1288 437 repressa
1303 375 1346 422 est
1364 367 1510 450 imaginum
1527 371 1666 429 rensrtdo
1683 387 1691 428 t
1711 375 1759 432 ssd
1778 385 1816 433 tn·

231 443 312 499 entiae
321 440 522 496 exaltationem.
534 440 607 496 inter
616 456 677 512 quic
686 441 769 497 edidit
780 437 975 510 nohisCapitu·
1025 451 1086 492 meu
1105 437 1239 492 Adrianus
1252 444 1279 492 et
1295 437 1340 493 alii
1358 437 1499 508 pontifices
1513 438 1542 493 iii
1555 454 1605 495 soa
1617 442 1744 512 opinione
1757 463 1817 516 per.

194 530 242 569 are
256 513 387 568 adsersus
397 510 529 581 synodum
539 525 600 580 que
604 526 663 636 gro
676 525 814 566 sacrarum
826 511 974 580 imaginum
1024 514 1198 570 severamnt,
1220 516 1258 570 et,
1274 515 1382 589 mortuo
1404 506 1511 573 (lamio,
1532 523 1643 565 suarum
1663 526 1815 584 pupparum

183 581 320 640 erectione
330 581 357 635 in
369 577 458 635 Nicea
468 588 530 634 aeta
539 588 591 636 est.
629 582 681 636 nde
689 595 739 650 pro
748 588 838 636 restra
849 578 974 635 melliflua
1024 576 1125 632 cultum
1141 576 1326 632 vehementius
1339 588 1539 647 promoverunt.
1560 598 1569 632 i

182 649 268 723 regali
277 650 420 706 dilectione
429 664 477 720 per
487 649 695 720 unumquodque
704 649 851 719 capitulum
862 664 975 719 respon·
1064 647 1227 702 harenarius
1241 646 1430 702 Benedictinus
1447 648 1597 705 monachus
1610 650 1679 707 hoatl
1695 648 1761 708 ilion
1781 656 1815 714 sil

183 738 243 778 soni
258 720 433 782 reddidimus,
450 734 504 774 oon
515 719 660 788 quemlihet
676 717 767 792 (absit)
779 718 916 773 hominem
928 719 976 774 de-
1025 717 1096 786 apud
1108 715 1274 771 Parisienses
1286 716 1314 770 iii
1325 716 1451 771 Annalih.
1463 717 1594 773 Francor.
1610 669 1815 848 annomi-

184 791 333 852 lendcntes,
345 790 392 845 sed
402 788 532 844 olitanam
544 788 717 845 traditionem
726 797 827 843 sanetae
837 788 976 844 catholice
1026 786 1147 848 moinus,
1166 785 1212 839 lih.
1227 801 1264 850 ii,
1279 800 1339 855 cap.
1352 783 1399 857 85)
1414 801 1421 839 i
1438 804 1448 839 ι
1464 786 1523 841 ilex
1536 788 1571 843 ad
1584 790 1669 845 conde
1770 808 1815 850 am

182 859 385 1003 menas
405 858 534 913 Romana
556 858 684 913 Eoelesiia
703 865 840 923 macnus,
856 858 976 927 priscani
1025 854 1152 910 heresim
1163 854 1327 911 Felieianam
1345 855 1448 911 aestatis
1463 856 1548 920 initio,
1563 860 1671 927 qnando
1691 871 1719 915 et
1733 875 1815 932 geno·

383 944 409 982 m
422 934 577 983 nostrorum
590 939 746 983 sancmrum
756 927 917 1010 pontificum
931 943 976 984 se·
1025 924 1109 979 ralem
1116 923 1205 995 populi
1217 925 1258 979 sui
1266 936 1429 980 conventum
1437 925 1541 991 hahuit,
1556 928 1702 983 concilium
1710 931 1816 1001 episeo-

183 1000 292 1072 quimur
313 997 482 1062 doctrinam,
506 1005 589 1052 reetae
610 996 671 1052 lidei
695 998 866 1053 traditionem
889 997 976 1052 modis
1025 1007 1121 1061 poium
1152 1008 1185 1048 ex
1209 994 1335 1050 omnihus
1359 994 1434 1065 regni
1453 995 1494 1049 sui
1508 997 1655 1064 provinciis
1675 1000 1704 1053 in
1718 1003 1813 1058 eadem

184 1070 311 1126 omiiihus
328 1066 505 1122 vindicantes.
527 1085 537 1120 i
555 1095 591 1110 -
608 1066 642 1121 Et
658 1066 774 1138 Capitol.
794 1066 805 1122 l
823 1081 945 1147 respons.
965 1084 972 1120 :
1026 1063 1089 1117 tilla
1106 1062 1312 1136 (Franconolnrt
1320 1062 1399 1133 y‘uiita
1413 1063 1542 1136 uorum)
1560 1070 1742 1137 congregavit.
1760 1071 1816 1126 dd-

185 1156 197 1191 ι
215 1139 273 1194 iloc
288 1139 384 1218 dogma
401 1135 529 1191 Tarasius
547 1150 602 1191 oon
621 1149 671 1205 per
689 1150 719 1192 sc
737 1137 907 1206 explanavit,
927 1136 975 1192 sad
1025 1130 1226 1214 lueruntetiam
1238 1134 1370 1188 iraeadem
1388 1134 1490 1258 sKuodo
1500 1135 1582 1204 legati
1593 1134 1708 1192 honneni
1724 1142 1816 1210 ponti-

181 1221 232 1278 pei
245 1209 396 1264 doctrinam
408 1211 563 1260 sanctorum
575 1204 684 1261 Patrum
697 1205 836 1262 consessus
845 1214 976 1276 oshquo-
1026 1200 1085 1257 heis
1101 1202 1318 1284 Theophylactus
1339 1218 1372 1257 ae
1422 1204 1556 1273 tephanus
1574 1219 1590 1259 e
1610 1206 1708 1278 isoopi,
1729 1208 1816 1265 vicem

183 1293 245 1333 reni
257 1275 374 1346 capitula
388 1289 438 1345 pro
448 1283 538 1330 imno
551 1274 635 1330 nlmio
646 1290 748 1339 amore,
762 1290 841 1345 quem
853 1290 916 1346 erga
931 1292 976 1328 se-
1026 1278 1149 1327 tencntes
1159 1288 1218 1340 eyus
1232 1288 1247 1326 a
1263 1288 1317 1342 quo
1330 1272 1406 1328 missi
1423 1272 1541 1338 lucrant,
1557 1273 1579 1327 d
1600 1275 1667 1329 riani
1685 1291 1771 1347 papie.
1786 1279 1815 1335 ln

183 1355 267 1402 stram
290 1344 542 1415 praerectissimam
565 1360 581 1398 a
605 1344 661 1399 ileo
682 1352 832 1414 protectam
858 1343 974 1415 regalem
1025 1353 1079 1408 quo
1089 1342 1203 1397 concilio
1215 1350 1243 1396 et
1254 1341 1366 1396 haeresis
1378 1351 1526 1397 memorata
1536 1344 1712 1400 condemnata
1724 1355 1816 1414 est‚et

182 1416 372 1472 excellentiam
387 1413 520 1483 gemmus,
535 1414 653 1469 breviter
667 1429 825 1480 exammus,
840 1423 894 1470 etc.
914 1433 975 1466 ι-
1025 1408 1199 1466 lihercontra
1217 1426 1278 1466 eam
1290 1411 1425 1466 communi
1443 1412 1631 1482 episcoporum
1655 1418 1816 1474 auctoritate

183 1487 217 1541 Et
231 1483 347 1555 Capitol.
360 1482 409 1537 ult.
425 1498 547 1552 respons.
562 1498 570 1537 ι
587 1499 597 1534 ι
614 1483 671 1539 iloe
684 1499 791 1540 sacrum
805 1492 833 1539 et
845 1498 975 1539 eveneran-
1027 1480 1202 1551 eompositus,
1227 1481 1255 1535 in
1267 1494 1321 1549 quo
1333 1495 1427 1535 omnes
1447 1481 1674 1550 subscripserunt.
1690 1483 1815 1555 synodus

183 1553 248 1610 dim
269 1552 414 1625 capitulum
434 1554 549 1607 multum
570 1552 687 1608 distata
708 1554 774 1609 totis
794 1568 874 1623 supra
895 1553 975 1610 dietis
1025 1549 1118 1615 ctiam,
1133 1565 1194 1620 que
1207 1557 1270 1605 ante
1280 1564 1476 1631 paucosannos
1487 1549 1513 1604 in
1523 1550 1753 1624 consumimpoll
1765 1558 1816 1614 suh

183 1623 318 1696 capitulis.
342 1622 376 1677 Ει
395 1622 497 1677 idcirco
514 1637 576 1676 eum
593 1623 752 1704 agnovimus
766 1633 862 1678 vestrae
881 1638 898 1678 a
920 1623 974 1679 lleo
1024 1616 1325 1675 lieneelCcnstautinc
1342 1617 1397 1673 illio
1408 1629 1649 1691 eyuscoogregata,
1664 1630 1691 1677 et
1702 1624 1736 1679 ali
1749 1625 1816 1695 ipsis

183 1703 296 1750 serrata
310 1693 521 1761 orthodoxisque
540 1692 638 1763 regalis
656 1693 820 1749 excellentiae
833 1707 895 1749 esse
910 1708 974 1762 pro-
988 1713 1012 1775 3
1025 1702 1079 1743 non
1090 1688 1176 1744 solum
1189 1689 1313 1760 septima,
1323 1703 1417 1744 serum
1431 1690 1513 1744 etiam
1527 1690 1687 1747 universalis
1697 1704 1756 1748 erat
1769 1711 1816 1766 ap-

182 1764 285 1834 priom‚
299 1771 353 1819 etc.
373 1760 495 1817 Meminit
506 1762 578 1817 enim
593 1771 683 1817 uestra
695 1762 918 1844 praeerectissima
931 1778 974 1818 re-
1023 1758 1131 1826 pellata,
1141 1758 1408 1840 utiiccseptimancc
1418 1759 1578 1815 universalis
1588 1760 1817 1821 habereturdice-

182 1833 251 1904 galis
264 1830 427 1904 praeacelsa
440 1831 553 1887 seientia
565 1831 682 1900 qualiter
694 1848 722 1887 in
737 1834 794 1902 ipsa
806 1833 891 1888 saneti
906 1831 975 1888 Gre-
1024 1833 1144 1893 rmurie,
1155 1843 1416 1898 quasisupeiuacua,
1428 1829 1457 1883 in
1472 1837 1557 1884 totum
1572 1830 1606 1885 ah
1624 1832 1749 1888 omnihus
1767 1837 1816 1892 ah·

182 1904 251 1975 gorii
262 1917 339 1972 papae
350 1900 473 1971 epistola,
484 1909 537 1956 ete.
553 1920 563 1953 ι
580 1901 612 1956 lii
624 1902 650 1957 iii
662 1900 714 1957 line
726 1901 856 2025 capituli:
872 1921 881 1953 ι
897 1901 975 1958 Unde
1024 1897 1113 1952 dicata
1127 1904 1207 1981 est.i
1280 1969 1286 1982 ι
1365 1968 1371 1981 ι
1596 1969 1603 1983 ⁴

183 1975 207 2027 si
221 1981 311 2028 restra
323 1972 448 2026 annuerit
461 1986 477 2025 a
490 1972 545 2026 ilco
557 1980 678 2041 protecta
692 1986 755 2042 rega
768 1973 791 2027 is
803 1973 973 2037 esculentia,
1060 1966 1118 2024 Ano
1141 1968 1301 2024 Viennensis
1329 1982 1487 2039 epiecopus,
1503 1967 1646 2032 Chmmm.
1665 1979 1744 2027 atate
1762 1990 1814 2031 vir

182 2042 278 2098 codem
293 2041 468 2096 adhortamur
481 2041 581 2110 impetu
598 2040 718 2112 (seilicet
729 2041 975 2111 Constantinopoli·
1026 2053 1037 2118 5
1054 2035 1179 2160 {dimili
1198 2038 1296 2093 iterum
1311 2036 1382 2121 laeta
1399 2041 1814 2119 coutra'supradietamhmrosln

184 2120 276 2167 unum
287 2109 547 2181 impemtoremlpro
556 2111 642 2166 sacris
651 2110 812 2181 imaginihus
822 2112 849 2166 in
859 2112 975 2182 pristino
1025 2122 1052 2159 in
1085 2106 1269 2172 ranconolurt,
1286 2107 1311 2162 le
1347 2117 1410 2163 trsa
1448 2108 1549 2163 stolidae
1564 2110 1636 2164 sedis
1648 2114 1815 2179 praesidenti·

183 2189 256 2236 statu
270 2180 407 2236 erectione
419 2181 533 2251 gratiam
547 2189 673 2251 agentes,
687 2189 739 2236 ete.
755 2181 793 2237 lle
807 2196 872 2236 iero
884 2193 974 2237 vestra
1025 2176 1076 2258 hus
1091 2174 1166 2258 [Lep.
1190 2123 1386 2259 praesentiiiiis]
1426 2177 1603 2250 heophylaeto
1625 2190 1653 2234 et
1677 2181 1815 2252 Stephano

181 2250 406 2375 Sroeerectissima
415 2251 497 2304 alteo
506 2258 628 2320 protecta
637 2249 806 2316 excellentia,
816 2252 975 2307 orthodoxe
1024 2259 1176 2326 episcopis,
1208 2257 1235 2303 et
1263 2255 1424 2302 auctoritate
1443 2255 1598 2328 sanctorum
1622 2246 1733 2305 Patrum
1749 2269 1814 2309 con·

202 2322 245 2377 dei
260 2320 409 2376 stabilitate
422 2321 563 2383 roborata,
577 2318 639 2374 ireti
652 2320 805 2386 existimus,
822 2320 883 2390 quia
900 2322 973 2376 radix
1025 2326 1113 2371 l'tcltls
1124 2324 1152 2370 el
1161 2318 1305 2372 (111111111ῑῦ8
1314 2325 1356 2372 11111
1368 2318 1465 2372 1111111111
1479 2316 1555 2371 Fe¹¹¹
1568 2332 1630 2373 111111
1647 2333 1813 2388 1110111111οι

182 2387 242 2460 clus
257 2390 411 2445 lirmissiina
425 2404 441 2444 a
456 2391 548 2459 pravis
560 2398 588 2444 et
607 2387 760 2446 infidelibus
771 2390 911 2445 hominum
924 2407 974 2446 on-
1024 2393 1206 2456 nemetumque
1216 2386 1313 2442 exsilio
1326 2387 1397 2458 apud
1420 2385 1580 2457 Lugdunum
1605 2388 1740 2461 relegatus
1752 2401 1812 2460 est;

181 2474 264 2531 quam
276 2460 429 2516 concutitur
443 2459 485 2513 sel
498 2467 638 2525 moseten
656 2459 742 2515 sedin
754 2474 797 2525 ea,
811 2462 973 2531 quaacoepit,
1025 2470 1105 2578 guen
1128 2455 1220 2511 lerunt
1243 2455 1378 2512 incudem
1402 2455 1462 2526 ipso
1476 2471 1531 2538 'suo
1555 2471 1647 2513 errore
1666 2471 1812 2517 mortuum.

183 2539 265 2586 rectae
278 2529 340 2585 lidei
352 2529 503 2585 traditionis
516 2529 639 2585 doctrina
651 2529 800 2599 spiritualis
811 2531 906 2585 matris
919 2546 975 2586 sum
1046 2523 1079 2580 ed
1091 2526 1312 2596 pseudosynodus
1321 2540 1403 2609 φιιιιι
1415 2534 1557 2595 septimam
1568 2525 1654 2583 Graeci
1667 2532 1812 2600 appellant,

182 2608 283 2655 sancte
302 2599 442 2655 catholice
461 2607 489 2654 et
510 2599 665 2668 apostolicae
686 2600 815 2655 Romanae
836 2600 973 2665 Ecclesiae,
1025 2595 1234 2663 {meliorandis
1255 2596 1428 2678 imaginihus,
1442 2594 1565 2652 1111111111
1580 2599 1722 2666 penitus·

184 2676 276 2725 unere
293 2677 321 2724 et
340 2669 466 2739 amplecti
485 2668 673 2724 incunctanter
693 2684 779 2739 usque
798 2669 826 2725 in
846 2670 974 2726 saeculum
1061 2664 1340 2723 SinarosFuldensu
1354 2666 1512 2732 monachus,
1523 2667 1551 2722 in
1562 2665 1720 2736 Annalibus,
1742 2687 1812 2730 aiino

183 2740 272 2794 seculi
287 2740 345 2795 sine
357 2738 565 2808 reprehensione
577 2752 687 2794 manere
700 2739 846 2795 eredimus.
861 2740 895 2795 Et
915 2740 975 2796 ideo
1026 2732 1097 2790 7912
1114 2755 1123 2787 ⁴
1140 2735 1160 2790 S
1179 2735 1265 2792 nodus
1279 2736 1372 2791 hahita
1385 2735 1627 2802 111111110011011111,
1645 2739 1673 2793 itt
1690 2755 1744 2810 qua
1757 2741 1812 2798 lua·

183 2808 343 2864 ccnlidimus
354 2809 389 2864 de
400 2808 447 2863 liei
460 2808 545 2864 nostri
558 2808 678 2878 potentia
728 2809 753 2864 ia
768 2817 897 2879 quantum
910 2826 973 2879 erga
1026 2804 1096 2886 resia
1124 2751 1260 2862 Feiieiana
1284 2821 1376 2862 coram
1398 2806 1532 2876 episeopis
1560 2804 1766 2866 Germaniarum
1784 2821 1813 2868 ei

181 2878 322 2933 locatorum
354 2878 486 2949 rincipum
503 2877 686 2947 apostolorum
725 2879 776 2933 etri
790 2887 817 2934 et
836 2879 910 2935 naui
925 2880 975 2935 Ee·
1024 2873 1172 2931 Galliarum
1198 2875 1392 2945 italorumque,
1415 2886 1547 2946 ltraesenle
1571 2891 1668 2947 magno
1710 2881 1812 2954 mocipe

182 2947 325 3003 clesiamll
360 2965 387 3004 m
417 2949 577 3004 esseritiset
590 2963 721 3013 amorem,
735 2964 840 3019 semper
853 2949 974 3018 proejiis
1024 2942 1122 3000 Carclo
1131 2953 1160 3000 ct
1177 2947 1269 3002 missis
1281 2944 1394 3001 Adriani
1409 2945 1548 3014 apostolici
1561 2944 1689 3020 Theophy
1734 2958 1763 3006 to
1783 2958 1812 3008 et

202 3017 303 3073 rossem
318 3026 345 3074 et
358 2964 520 3075 exaiuiione
532 3018 616 3100 regali
629 3019 691 3084 nisi,
707 3018 825 3088 unomen
837 3027 1008 3117 oeniiiiesc
1026 3012 1163 3097 stephano
1181 3016 1325 3098 episcopii,
1342 3016 1423 3071 ierne
1441 3017 1744 3082 denuntiassem„
1763 3021 1813 3078 sti-

219 3088 342 3154 busrltis,
364 3097 440 3143 tanto
458 3089 561 3145 brachii
576 3105 617 3143 soi
638 3103 655 3158 p
706 3088 770 3144 isius
790 3090 817 3143 iii
838 3091 974 3160 regalitius
1024 3084 1454 3152 polatiouedamoaiioiohoiata.
1471 3084 1813 3158 PseudosyuodusGraeoo·

181 3157 326 3228 triumphis
343 3159 377 3214 ah
393 3158 514 3213 adrensis
530 3166 558 3213 et
575 3158 674 3228 iniquis
705 3159 841 3214 ominibus
860 3175 908 3216 vos
928 3162 974 3215 de·
1024 3169 1085 3208 rum
1110 3170 1160 3225 pio
1173 3157 1317 3211 adorandis
1329 3156 1493 3226 imaginihus
1509 3155 1612 3224 hahita,
1631 3167 1659 3211 et
1671 3157 1738 3215 ialso
1751 3176 1813 3233 sep-

180 3224 291 3283 ieoderc
307 3237 335 3282 et
352 3228 547 3299 circumtegere
564 3229 697 3297 dignetur,
719 3237 748 3283 ut
766 3243 819 3283 una
838 3245 900 3285 eum
920 3230 974 3299 spi-
1023 3223 1088 3278 lima
1101 3233 1205 3291 nomia,
1217 3227 1251 3281 uh
1267 3227 1401 3296 episeopis
1412 3228 1565 3281 damnatur.
1585 3245 1595 3278 ι

180 3295 272 3368 rituali
290 3296 567 3353 dliadomiuanostra
579 3298 672 3369 regina
690 3303 974 3369 uestraquepraecelsa
1058 3294 1250 3350 Eocstsitsnsis
1279 3311 1420 3351 suaseritis
1437 3295 1465 3349 iii
1497 3296 1558 3351 viu
1583 3297 1672 3353 Caroli
1699 3299 1809 3371 Magnit

180 3366 350 3422 nobilissima
370 3366 460 3436 prole,
483 3367 596 3436 longiori
621 3384 679 3424 aero
703 3368 731 3422 in
755 3369 806 3424 hoc
831 3379 974 3452 regnantes
1026 3364 1129 3418 adnuo
1141 3366 1263 3434 sequenti
1282 3366 1406 3422 dominos
1424 3381 1471 3421 ren
1490 3364 1603 3422 Camlus
1620 3368 1653 3423 de
1674 3368 1811 3441 hagenes-

181 3436 292 3501 mundo,
307 3437 335 3491 in
345 3436 436 3492 loturo
454 3438 576 3493 sinelliie
590 3437 746 3492 sitonicum
763 3454 793 3492 re
812 3453 847 3493 no
867 3454 893 3494 in
910 3455 974 3496 arce
1023 3432 1092 3505 burg
1106 3434 1159 3489 iter
1172 3436 1236 3489 lecit
1259 3436 1365 3506 nauigm
1382 3436 1416 3491 ad
1442 3434 1572 3491 fossatum
1598 3452 1724 3508 magnum
1740 3441 1812 3496 inser

179 3503 235 3574 poli
248 3505 348 3562 hahere
365 3506 531 3562 mereamini,
548 3506 709 3562 implumem
726 3453 913 3563 praesignitam
930 3524 973 3565 vg.
1022 3504 1185 3586 llltniuaniam
1197 3513 1224 3586 et
1234 3504 1404 3586 lindaniium.
1415 3505 1453 3560 lhi
1464 3520 1525 3560 eum
1537 3508 1693 3563 muneribus
1707 3512 1811 3580 magnis

181 3581 267 3630 stram
281 3575 369 3647 gratia
383 3591 499 3658 superna
514 3576 657 3632 custodiat.
678 3595 688 3629 i
1022 3588 1098 3628 missi
1110 3579 1250 3642 apostolici
1267 3575 1423 3644 presentari
1448 3583 1520 3639 suot,
1539 3584 1563 3630 et
1590 3578 1743 3634 nuiiiialum
1767 3590 1811 3637 est

217 3643 340 3714 Synodss
359 3645 517 3700 Partheniis
536 3649 562 3701 iii
579 3645 684 3716 praelat.
703 3646 736 3702 ad
757 3646 922 3703 hodericum
944 3657 973 3705 er
1021 3643 1047 3698 ei
1062 3642 1184 3699 Saxones
1202 3643 1299 3699 iteruin
1317 3645 1469 3700 rebellasse.
1490 3645 1554 3700 lnde
1573 3660 1620 3714 pei·
1648 3647 1809 3706 Radantiam

179 3710 293 3771 Lothar.
316 3716 397 3786 impp.
418 3732 425 3769 ε
446 3733 456 3767 ι
475 3716 608 3798 Eamdem·
623 3730 710 3797 porro·
719 3717 851 3786 synodum
887 3716 973 3774 Nicae-
1022 3712 1110 3767 nauali
1128 3712 1225 3769 itinere
1242 3713 1309 3795 aliiit
1324 3713 1351 3769 in
1366 3713 1488 3796 lloehin,
1513 3722 1541 3795 et
1557 3716 1646 3770 natale
1663 3718 1810 3774 celebravit

180 3784 371 3926 hillidii
384 3792 484 3910 dlii
497 3786 973 3928 stdhl‘lild‘tdhidi
1021 3782 1810 3934 llihlildill·3¹,ttihl,lidhired,iiiii

180 3923 295 3979 concilio
313 3923 563 3996 Francolordiensi)
582 3935 611 3980 et
629 3870 720 3979 muiiis
737 3925 765 3979 iu
780 3925 862 3991 loeis,
884 3935 913 3982 ut
931 3928 972 3983 di·
1021 3922 1208 4004 episcopcrum
1223 3921 1382 4004 Galliarum,
1397 3922 1603 4004 Germanorum,
1626 3924 1765 3993 italorum,
1781 3929 1808 3984 in

179 4007 262 4064 gnum
276 4002 345 4058 erat,
361 3994 586 4063 reprehendisset,
599 4001 626 4048 et
637 3994 760 4064 quedam
772 3996 901 4066 capitula,
930 4012 972 4053 ure
1021 4001 1165 4114 Ηιωξιιιιιι
1182 4006 1250 4060 eyus.
1265 3991 1303 4048 lbi
1322 3991 1430 4047 luerunt
1454 3994 1528 4048 missi
1544 3994 1644 4076 domini
1668 3998 1808 4067 apostolici

180 4076 210 4116 re
259 4063 381 4118 hensioni
394 4065 532 4134 patebant,
548 4071 735 4134 praenotasset,
753 4079 839 4135 eaque
852 4081 903 4136 per
911 4011 972 4120 iln-
1047 4063 1131 4116 driam
1146 4061 1362 4133 Theophylactus
1374 4069 1402 4116 et
1411 4062 1565 4150 Stephanus
1577 4069 1696 4137 episcopi
1710 4084 1717 4120 z
1730 4076 1757 4122 et
1770 4068 1808 4123 ihi

178 4077 324 4201 giijhreirtom
337 4132 461 4188 ahhateiu
474 4133 561 4188 eidem
575 4134 696 4189 Adriano
714 4149 791 4205 papae
810 4134 969 4202 direxisset,
1022 4133 1102 4187 tertio
1112 4132 1437 4188 damnaieiunthaeresim
1448 4133 1622 4190 inlicianam.
1636 4134 1720 4202 Quam
1731 4138 1808 4192 dam-

178 4207 210 4256 ut
219 4200 398 4269 illiusjudieio
408 4210 436 4257 et
446 4203 608 4259 undositate
618 4204 827 4274 corrigerentur,
838 4214 917 4262 etc.»
1021 4202 1158 4258 nationem
1178 4215 1229 4270 per
1247 4202 1436 4257 auctoritatem
1462 4211 1619 4259 sanctorum
1643 4204 1754 4261 Petrum
1781 4207 1808 4262 in

214 4270 541 4329 llinciinusilhemensis
554 4273 814 4344 archiepiscopusin
827 4275 897 4331 lihrc
909 4292 971 4332 eon·
1021 4271 1090 4327 limo
1111 4272 1358 4342 conscripserunt:
1377 4287 1458 4342 quem
1481 4271 1580 4328 librum
1598 4288 1693 4329 onmes
1718 4291 1809 4333 saeer-

179 4347 221 4395 tra
237 4340 410 4396 llincmamm
425 4341 630 4399 laudunensem
645 4344 814 4414 episcopum,
831 4360 890 4416 eap.
910 4345 966 4400 20:
1020 4341 1097 4398 dotes
1114 4342 1231 4412 propriis
1246 4342 1370 4397 manilius
1392 4343 1586 4398 subscribendo
1603 4344 1807 4402 confirmarunt.

181 4427 191 4461 ι
216 4408 336 4481 Septima
357 4421 447 4467 autem
469 4412 539 4482 apud
558 4411 667 4469 Grecos
688 4423 784 4470 iocata
807 4415 968 4472 universalis
984 4389 1006 4448 ⁰
1020 4409 1809 4483 PseudosyuodusGraecorumquamlalsosepumsmvocs.

178 4482 408 4551 pseudosynodus,
423 4482 457 4538 de
470 4482 641 4554 imaginihus,
655 4498 724 4553 quas
734 4484 843 4553 qnidam
852 4484 969 4541 coiiliiu
1019 4481 1093 4546 haut,
1105 4497 1155 4551 pro
1164 4481 1336 4553 imaginihus,
1349 4481 1448 4551 rejecta
1462 4489 1504 4537 est
1524 4497 1540 4537 a
1555 4484 1736 4553 pontillrihus.
1751 4505 1761 4538 i

178 4550 289 4618 gendos,
309 4551 418 4620 quidam
436 4561 526 4607 autem
546 4553 698 4608 adorandas
711 4553 850 4620 dicebant,
874 4565 969 4611 neutra
1053 4551 1199 4606 hausimus
1211 4552 1352 4623 episeopus
1366 4552 1424 4608 sive
1434 4553 1527 4619 abhas,
1539 4550 1628 4609 haroli
1641 4553 1681 4609 hia
1702 4556 1727 4609 ni
1740 4570 1807 4612 coii-

177 4633 242 4674 uero
261 4634 325 4689 pars
339 4621 476 4678 intellectu
496 4638 562 4679 sano
577 4621 709 4679 dilllniena
730 4623 788 4680 sinc
807 4626 969 4681 nuemritate
1019 4620 1148 4686 siliarius,
1167 4621 1195 4676 iu
1207 4622 1357 4678 Annalibus
1366 4621 1543 4688 Fracturum,
1557 4622 1655 4679 anooi
1693 4625 1806 4697 .(Peri'it

177 4689 332 4762 apostolicae
346 4692 418 4747 sedis
432 4707 485 4747 non
503 4693 582 4763 longe
598 4701 660 4747 ante
676 4701 769 4749 nostra
785 4701 907 4765 tempora
923 4694 969 4748 lli-
1019 4706 1051 4745 sc
1061 4692 1158 4762 pnriin
1167 4707 1220 4763 qun
1232 4690 1264 4744 de
1275 4691 1324 4745 lnce
1334 4691 1444 4746 coneilio
1455 4701 1592 4747 msecutss
1605 4703 1643 4747 est
1656 4709 1733 4748 :enin
1744 4711 1807 4749 rcu-

177 4771 241 4813 m
253 4768 295 4815 est
315 4775 332 4814 a
344 4762 551 4832 quamplurimis
563 4761 696 4833 episeopis
708 4763 799 4819 hahita
812 4772 840 4819 et
854 4765 968 4820 Romam
1019 4761 1127 4815 remam
1139 4760 1300 4833 Reginqqai
1313 4761 1412 4832 [stetin
1432 4777 1460 4816 ie
1478 4762 1551 4817 illies
1563 4763 1678 4818 Annales
1695 4766 1768 4836 regat·
1780 4773 1806 4820 et

178 4827 269 4908 missa,
289 4844 371 4900 quam
387 4832 469 4888 etiam
487 4846 556 4902 papa
579 4831 756 4888 Romanusin
769 4833 913 4890 Franciam
928 4835 969 4889 di-
1018 4829 1226 4904 Egolirmenris.)
1433 4849 1437 4856 ·

177 4906 257 4951 rexit.
276 4898 352 4956 Unde
371 4909 491 4970 tempore
504 4901 594 4956 Caroli
611 4901 699 4972 ilagui
717 4902 898 4972 imperatoris,
910 4903 969 4972 ius-
1053 4900 1158 4957 lleoiso
1171 4901 1337 4956 Priimiensis
1347 4900 1440 4966 abhas,
1450 4898 1577 4956 chronic.
1588 4899 1635 4955 lih.
1649 4916 1668 4956 ιι
1682 4919 1689 4956 :
1704 4899 1805 4959 ἰΑιιιιο

176 4964 253 5022 sione
267 4970 418 5038 apostolica
425 4971 512 5041 sedis,
527 4971 661 5041 generalis
672 4971 791 5041 synodus
803 4973 830 5027 in
842 4972 966 5039 Francia,
1019 4970 1164 5026 Dominicis
1192 4969 1387 5025 incarnationis
1408 4969 1459 5025 ist
1480 4969 1627 5024 celebravit
1641 4985 1687 5026 rer
1700 4971 1804 5028 Pascha

177 5048 343 5095 convocante
356 5039 468 5110 pretiis
482 5042 654 5109 imperatore,
668 5041 812 5108 celebrata,
828 5051 857 5099 et
872 5059 968 5100 secum
1018 5041 1045 5094 iii
1062 5037 1269 5104 innocencium,
1289 5040 1379 5109 ihique
1403 5038 1577 5109 congregarit
1593 5040 1723 5109 synodum
1746 5056 1805 5095 ma-

176 5105 241 5161 dum
261 5105 462 5178 Scripturarum
485 5110 621 5166 tramitem
643 5110 868 5180 traditionemque
883 5114 969 5182 majo-
1017 5124 1098 5180 gnam
1110 5110 1306 5179 episcoporum,
1319 5108 1467 5173 Gallorum,
1478 5106 1674 5164 Germanorum
1685 5117 1711 5164 et
1723 5110 1804 5165 italo-

177 5190 254 5243 rum,
277 5177 335 5248 ipsa
359 5178 516 5238 draeeorum
538 5180 759 5252 pseudosynodus
780 5182 917 5238 destructa
940 5190 968 5238 et
1018 5195 1078 5234 rum
1098 5193 1106 5233 z
1126 5179 1172 5234 uhi
1191 5177 1299 5234 luerunt
1323 5178 1398 5234 missi
1425 5178 1564 5247 apostolici
1590 5178 1753 5249 Theophilus
1776 5187 1804 5234 et

176 5247 283 5316 penitus
296 5248 430 5305 abdicata.
452 5250 490 5305 lie
511 5252 588 5320 cujus
608 5249 789 5306 destructione
810 5266 863 5306 non
882 5253 968 5308 midi·
1018 5248 1171 5317 Stephanus
1183 5248 1312 5319 episcopi.
1331 5248 1360 5303 lii
1376 5247 1428 5304 hac
1451 5248 1553 5318 synodo
1576 5248 1655 5303 tertio
1678 5248 1804 5303 condem·

175 5330 238 5371 eom
251 5317 386 5385 volumen,
398 5320 469 5391 quod
482 5319 508 5373 in
521 5320 622 5390 palatio
635 5319 850 5378 adolescentulus
862 5320 921 5392 legi,
933 5323 968 5379 ah
1017 5326 1081 5374 nata
1099 5324 1141 5373 est
1157 5318 1268 5373 heresis
1280 5317 1424 5382 Felieiaua,
1446 5332 1528 5387 quam
1543 5317 1741 5373 damnationem
1755 5332 1804 5387 per

175 5385 318 5466 codemim
354 5398 444 5470 rators
455 5389 569 5473 Romani
578 5398 621 5446 est
630 5405 678 5461 per
687 5392 817 5472 quosdam
827 5392 968 5462 episcopos
1018 5388 1207 5446 auctoritatem
1217 5395 1371 5470 sanctorum
1389 5386 1498 5442 Patrem
1512 5386 1540 5439 in
1554 5386 1623 5442 lihro
1637 5388 1804 5457 conscripse-

177 5458 968 5599 ti‘tdl'sldldidl'ilhtedisii}lili:
1016 5455 1804 5601 itit³,llddh'h'llfflhidtihhffladddit

176 5593 370 5661 soliemnem
385 5617 394 5651 ι
409 5599 507 5655 lixtam
520 5599 566 5654 lih.
580 5614 617 5663 iv,
632 5614 656 5654 c.
670 5599 715 5664 28,
728 5601 888 5670 quihusista
900 5615 967 5657 con·
1017 5614 1097 5671 qoam
1126 5596 1312 5654 condonandis
1326 5596 1489 5668 imaginihus
1508 5607 1656 5663 coemunt
1672 5597 1803 5668 pontilo-

177 5661 253 5721 tiuuo
271 5667 429 5726 subnectit:
451 5688 461 5723 i
483 5669 650 5726 Auctoritate
669 5669 759 5742 itaque
775 5669 855 5739 huius
872 5672 966 5740 synodi
1017 5673 1069 5727 hus
1121 5677 1181 5726 ecta
1192 5675 1244 5726 est.
1259 5687 1269 5722 i
