4050 6192
231 344 284 404 sss
442 336 450 355 ’
680 336 710 390 ιι.
730 293 855 391 canon
877 322 983 390 niun
1002 331 1078 389 nnn.
1096 328 1187 388 nans
1204 332 1225 388 ι.
1244 314 1438 389 sncnom.'
1810 338 1863 396 get

231 460 290 532 iure
312 456 445 515 disemum
467 450 629 533 dominium,
643 449 670 504 in
694 456 752 504 toto
766 463 849 531 ιρξιιο
869 448 1056 531 tumuitus
1071 460 1145 501 num.
1168 464 1178 498 ι
1200 440 1244 528 lli,
1267 444 1341 517 quod
1364 444 1500 501 resu‘ltme
1519 460 1582 569 alosa
1604 444 1704 505 elarius
1730 450 1867 520 mundis,

229 544 313 602 quam
325 526 397 583 eitrs
405 516 1020 592 Pharnm;cuid1rectodomruroctrursquod
1069 514 1222 586 hujusmodl
1234 513 1349 570 inrmuis
1358 514 1517 585 juramenti·
1544 515 1658 585 lphnnso
1670 527 1698 573 et
1714 517 1859 579 111ιά1111-

230 587 908 725 mesanum
922 596 1019 713 aa
1066 580 1492 737 affimant
1517 587 1868 737 nuntia

230 753 286 806 qun
297 735 444 807 derogare;
459 730 507 787 sed
521 745 553 786 es
578 728 702 783 volumus
714 735 741 782 et
756 726 920 783 intendimus
931 741 1019 783 rema-
1068 740 1092 780 st
1110 739 1163 791 me,
1173 722 1322 783 decedente
1335 722 1448 794 pressu
1461 723 1633 781 Perdrnsndo
1675 724 1730 799 15
1741 741 1817 811 sege,
1833 729 1869 789 iss

230 821 297 861 nere
311 805 405 868 illesa,
420 810 449 858 et
461 800 533 872 quod
544 798 599 853 tale
612 804 640 851 ct
661 804 747 852 totrrm
756 794 803 864 jus
822 796 903 852 nohis
921 805 950 851 et
964 797 1018 853 Ec·
1068 801 1188 866 regnnet
1199 801 1271 849 terra
1284 792 1404 866 praelatis
1416 793 1448 851 in·
1458 808 1569 866 regem
1672 811 1701 852 re
1711 808 1861 871 contingas,

230 875 320 933 etesia
339 874 467 930 Romanae
479 867 655 925 remanentin
668 866 740 922 diets
752 865 878 921 insnlnet
892 865 1018 935 adjacen-
1067 872 1096 919 et
1111 878 1162 935 egn
1180 861 1367 921 Perdinsndus
1385 864 1512 935 princeps
1531 862 1632 938 Capuoe
1649 864 1715 923 dicti
1783 870 1864 929 hunsl

230 942 411 1000 tibnsinsnlis
425 941 497 1014 (noar
577 953 623 992 um
637 935 785 992 illusoriae
798 935 1018 1009 intitniahrmtur)
1062 932 1144 989 ‘ducis
1161 932 1357 1009 primogenitus
1374 935 1402 989 in
1426 942 1549 1005 tempore
1574 935 1667 992 obitus
1685 936 1751 995 dicti
1787 939 1864 996 erdl-

230 1014 348 1155 aeleet
362 1020 491 1138 {uantum
506 1009 541 1064 ba
578 1005 677 1061 masin
688 1006 848 1061 terriscitra
861 997 1016 1061 Pinarum.»
1066 1003 1150 1057 nandi
1163 1002 1235 1073 regis
1246 1002 1431 1075 praedefuncto
1441 1004 1514 1061 dieto
1537 1004 1675 1076 Amhnnso
1695 1006 1765 1065 duee
1785 1011 1865 1081 geni.

288 1083 362 1139 uitur
389 1074 1018 1159 nntsgiipontiliciletsucoessoribusprmstandi
1064 1070 1459 1155 toremeosuperessemcilei
1488 1073 1681 1158 ratiapraelate
1690 1075 1865 1161 ferdinando

230 1153 346 1209 iormuls
356 1152 390 1232 ab
400 1151 495 1207 endem
508 1147 639 1230 Gregorio
652 1153 829 1227 prmmnpu:
844 1145 1019 1227 quoduttque
1063 1155 1124 1219 regi
1139 1157 1167 1196 ur
1181 1156 1264 1212 regno
1274 1150 1303 1199 et
1313 1150 1386 1199 terra
1403 1158 1460 1216 prm
1489 1152 1534 1209 trs,
1553 1154 1631 1213 Juxta
1650 1152 1774 1205 tenorem
1789 1147 1864 1205 latte-

226 1238 290 1279 esse
301 1228 461 1293 prestitum,
478 1235 488 1269 s
503 1216 651 1289 prnsnsuis
663 1210 764 1270 Suciiue
778 1229 830 1269 una
845 1229 907 1296 cum
922 1213 1018 1271 msubs
1067 1225 1160 1265 rarum
1184 1211 1261 1294 nobis
1273 1226 1356 1285 snper
1368 1212 1420 1269 hoc
1443 1228 1635 1271 concessarum
1658 1216 1815 1283 succedere,
1834 1225 1864 1275 et

228 1308 244 1346 a
265 1290 422 1354 urentibus,
437 1302 498 1359 qua
515 1301 627 1356 regum
647 1284 795 1340 Trinacriae
814 1292 987 1338 nummatus:
1004 1304 1016 1339 ι
1066 1292 1161 1350 regem
1179 1280 1326 1365 Stulroeet
1343 1289 1423 1365 terrae
1434 1281 1609 1354 prefatorum
1628 1299 1689 1343 esse
1708 1287 1861 1361 conungst,

247 1363 254 1375 '
315 1376 330 1416 s
350 1376 393 1443 ap.
419 1356 544 1413 eumdem
567 1353 762 1426 1111111571,
782 1351 890 1433 ι.10);
906 1368 938 1408 es
959 1360 1018 1409 tra-
1086 1418 1092 1431 .
1111 1365 1175 1404 num
1185 1350 1341 1431 homagium
1356 1352 1483 1421 ltgrumet
1494 1353 1686 1426 vassallagium
1699 1353 1803 1413 taciens
1813 1374 1863 1415 so-

229 1440 302 1487 etstn
328 1444 400 1486 earm
426 1428 480 1482 isto
503 1425 577 1480 alind
604 1422 691 1490 magis
712 1437 895 1478 necessarlum
909 1422 1018 1493 decerpi
1082 1434 1109 1499 ιι
1121 1419 1230 1474 dommo
1248 1434 1309 1503 meo
1327 1421 1436 1479 domino
1447 1421 1541 1504 lance.
1555 1438 1632 1494 prpae
1644 1424 1700 1479 vill
1718 1435 1746 1483 et
1767 1425 1864 1484 ilecto.

229 1506 348 1572 qmtet.
639 1561 648 1575 ι
668 1559 677 1573 ,
770 1561 805 1617 do
974 1560 983 1574 ο
1067 1503 1136 1612 1ιὶ
1128 1487 1258 1614 Βὲιέιιιιπ
1269 1506 1297 1545 tn
1306 1506 1391 1562 reguo
1410 1490 1520 1555 sterne,
1542 1501 1570 1549 ct
1584 1501 1642 1549 utta
1655 1503 1728 1550 terra
1744 1505 1863 1579 quaest

227 1566 771 1701 &lnthuqeolslrffinnoerggslufffiffi
785 1573 1019 1704 (nffilffieffi
1065 1564 1864 1711 filtrorum‚²ulsr¹1nue{td-ffiffimffrtfrlafflspuffsnffdecsffi

227 1715 273 1763 cet
283 1705 435 1763 concordiae
446 1717 528 1758 cansa
541 1700 696 1784 exmgitati)
710 1714 781 1783 nouo
794 1715 907 1770 prorsus
920 1715 1018 1782 ‘exesus
1066 1705 1179 1778 excepta
1192 1698 1301 1781 ciuitate
1316 1699 1507 1784 &dereptam
1520 1716 1583 1782 man
1593 1711 1653 1759 toto
1667 1703 1810 1773 territorio
1828 1723 1864 1764 ae

227 1778 274 1849 plo
296 1775 492 1859 imponendum
521 1786 572 1827 nec
589 1784 646 1843 rega
665 1768 774 1837 Stcrise,
801 1784 881 1853 quem
909 1770 1016 1825 titulum
1032 1766 1193 1859 Bommhus
1207 1767 1375 1851 districtibus
1392 1772 1616 1852 pertinentiisque
1631 1773 1690 1831 suis
1711 1776 1863 1835 secundum

285 1844 469 1902 ulexioannae
481 1854 710 1897 acsuecessorum
729 1854 868 1911 proprium
888 1854 949 1897 esse
966 1855 1017 1896 vo-
1069 1842 1195 1905 untrqnns
1206 1837 1273 1895 lines
1287 1846 1419 1895 territum
1429 1848 1663 1910 pertinentiarum,
1676 1848 1730 1899 ete
1744 1863 1755 1896 ι
1768 1840 1863 1915 itaquae

122 1928 134 1947 r
239 1912 575 1987 uit‚jnrtspraescriptum
592 1910 655 1965 libri
671 1908 807 1965 Ceusuum
818 1908 946 1964 Romane
968 1909 1019 1967 Ee
1068 1905 1103 1961 ad
1118 1907 1225 1962 initium
1242 1922 1328 1979 usque
1340 1909 1432 1965 seculi
1442 1925 1488 1965 sm
1498 1912 1863 1986 negueapontilieibnsnn·

228 1986 328 2052 etesiae,
344 2000 377 2040 so
389 1981 599 2057 praeoedentinm
613 1979 835 2035 investiturarum
859 1980 1018 2035 subeundus
1066 1990 1122 2057 pue
1138 1990 1152 2030 a
1170 1977 1279 2048 rigibus
1290 1977 1429 2060 quidpiam
1443 1979 1477 2035 de
1488 1994 1574 2037 censu
1593 1979 1638 2051 (de
1650 1981 1712 2050 iure
1727 1984 1862 2065 siquidem

227 2055 339 2111 omnino
355 2063 425 2111 erat.
438 2051 509 2119 Quid
522 2051 605 2122 igitur
617 2047 754 2120 pontifexi
776 2048 805 2103 ld
825 2056 911 2103 toturn
924 2050 1018 2105 oneris
1066 2059 1095 2099 m
1142 2061 1202 2102 rum
1230 2062 1265 2103 ne
1284 2048 1403 2119 pontifici
1429 2049 1538 2118 quidem
1557 2058 1617 2107 onst
1656 2052 1818 2125 nidatttuge

226 2123 338 2181 ioannae
364 2139 397 2180 ae
415 2120 618 2202 successoribus
638 2120 674 2174 im
712 2117 773 2173 nit:
797 2134 807 2169 r
828 2116 870 2173 ad
888 2119 1019 2189 predicta
1067 2129 1119 2186 qua
1131 2124 1164 2170 ss'
1176 2117 1428 2189 quantusseluerit,
1442 2126 1505 2175 ante
1524 2126 1625 2191 etpost
1667 2055 1862 2183 tumentem&

227 2195 318 2251 omnia
337 2201 366 2249 et
386 2193 428 2249 sin
465 2190 492 2247 la
512 2189 565 2244 aba
586 2189 657 2244 dicta
686 2202 785 2255 canna,
804 2196 832 2243 et
846 2203 1018 2247 successores
1066 2193 1201 2241 mutatum
1216 2186 1408 2258 unquamluit.
1422 2187 1563 2249 Secuseu
1576 2190 1775 2253 deensmcutis
1798 2195 1863 2255 inde

227 2265 310 2319 sniin
327 2278 411 2335 regno
448 2260 527 2318 iciliae
551 2258 718 2331 integraliter
736 2257 864 2313 Ecdeme
887 2257 1017 2317 nonanae
1066 2262 1122 2310 tem
1175 2256 1245 2313 ibus.

265 2334 340 2389 rinde
352 2339 509 2389 remaneant
526 2328 647 2400 obligati,
668 2329 739 2385 siem
751 2328 775 2382 si
796 2328 935 2399 regnumi
955 2344 1017 2385 sum
1103 2324 1126 2379 ll
1156 2326 1220 2383 ilii.
1236 2326 1338 2383 lindum
1354 2340 1426 2385 anno
1445 2326 1528 2395 itta,
1542 2344 1606 2385 cnm
1617 2330 1791 2388 Innocentius
1805 2332 1863 2391 ltu

227 2349 329 2460 ffictuae
342 2418 404 2459 cum
415 2416 447 2457 ea
466 2400 623 2471 integritate
644 2414 697 2470 qua
710 2398 782 2453 dicto
793 2397 904 2452 dominc
940 2399 1017 2456 amin
1066 2401 1210 2467 utramque
1227 2396 1349 2453 Siciliam
1366 2397 1457 2469 prison
1474 2413 1552 2456 more
1564 2399 1704 2473 Alpbonso
1720 2417 1754 2460 as
1767 2402 1864 2461 Perdi·

228 2472 396 2529 inleudstum
420 2470 534 2535 exstitit,
563 2468 684 2526 totaliter
704 2466 865 2538 possideret.
886 2468 1017 2527 slleinde
1066 2464 1157 2520 nando
1178 2466 1234 2524 illio
1253 2466 1311 2535 eius
1333 2469 1482 2534 nonomen,
1502 2468 1629 2539 pontidoe
1645 2472 1741 2526 eodem
1761 2474 1864 2539 oriris

226 2542 365 2600 friderico
388 2542 445 2615 regi
469 2538 617 2595 'irinaerie
638 2546 743 2610 partem
765 2552 864 2594 census
883 2536 1015 2608 injungit,
1066 2535 1191 2601 abeunte,
1216 2535 1369 2595 Alexander
1383 2537 1417 2594 u
1435 2538 1617 2596 adsummum
1630 2540 1769 2613 ‹ignitmis
1786 2542 1864 2601 lasti-

265 2627 310 2667 sm
324 2612 428 2668 scilieet
440 2608 522 2693 512
536 2608 563 2664 in
574 2606 643 2664 leste
657 2616 815 2665 sanmcmm
833 2608 1016 2678 apostolnmm
1067 2603 1139 2676 mum
1154 2615 1264 2663 evectus
1274 2606 1374 2662 luerat.
1388 2606 1439 2667 ilie
1449 2623 1523 2675 vern,
1538 2617 1615 2667 sexto
1632 2609 1737 2666 decimo
1751 2612 1864 2671 ineunte

226 2626 344 2755 Sililippi
355 2689 383 2737 et
395 2679 498 2746 iacobi,
514 2695 562 2735 seu
575 2677 702 2734 liniendis
716 2676 778 2732 ilsii
795 2678 894 2760 reginae
905 2676 1017 2735 inanum
1067 2675 1175 2743 suerio,
1195 2684 1297 2733 terram
1307 2691 1415 2733 omnem
1430 2677 1498 2734 citra
1516 2677 1635 2735 Pharum
1650 2679 1779 2752 bipertito
1794 2683 1864 2740 disi

160 2794 164 2803 .
224 2752 403 2831 persolveret,
417 2752 540 2821 adeoque
562 2762 659 2804 oensus
675 2747 781 2819 integer
804 2746 903 2802 Siciliae
917 2748 1017 2817 reginae
1067 2743 1111 2809 sit,
1133 2746 1264 2803 ntridere
1280 2754 1322 2803 est
1343 2746 1372 2803 in
1384 2746 1443 2815 eius
1460 2747 1605 2819 diplomate
1621 2762 1665 2819 ap.
1687 2749 1862 2822 Raysraldum

228 2837 261 2878 ac
282 2834 471 2878 suecoesnrum
493 2832 657 2893 magnopere
679 2817 842 2874 allevaretur
861 2835 868 2872 :
887 2835 897 2869 ι
916 2817 1017 2876 ilneias
1068 2813 1163 2885 (1501,
1182 2832 1210 2871 ιι.
1226 2815 1262 2873 51
1281 2816 1369 2887 sem),
1388 2817 1460 2875 unde
1476 2817 1559 2873 ctiam
1579 2818 1693 2875 bissena
1708 2828 1862 2891 temporum

226 2892 298 2959 suri,
314 2893 364 2957 ait,
375 2890 427 2946 tria
441 2889 525 2945 millia
536 2889 571 2943 ad
584 2889 717 2944 rationem
728 2887 897 2959 promissam
914 2887 948 2943 de
967 2884 1017 2943 flo-
1066 2886 1186 2955 suppetit
1201 2903 1231 2939 :s
1250 2886 1305 2942 Nea
1342 2886 1465 2953 litanam,
1484 2887 1583 2972 inquit,
1599 2896 1627 2944 et
1646 2887 1802 2957 Caiemnam
1821 2892 1863 2949 cs·-

226 2962 302 3018 renis
319 2962 448 3045 quiaque,
461 2969 510 3042 sut
518 2959 552 3015 ad
561 2959 668 3030 pondus
682 2958 809 3029 generale
819 2957 895 3028 regni
915 2956 1016 3040 Sicilie
1066 2961 1164 3012 nutes
1174 2963 1300 3012 nctotam
1327 2972 1423 3036 'erratu
1435 2956 1549 3014 Laboris
1558 2966 1587 3015 et
1596 2959 1763 3044 prouinciam
1772 2960 1865 3032 Apru-

227 3025 1017 3169 lnffltmnnmnnslnnrmnn
1067 3023 1865 3168 tiananstsnntnlntnamulmasa

226 3115 392 3228 ffirennrum
402 3167 557 3252 quindecim
574 3167 787 3250 contingentium
799 3167 886 3250 dictas
901 3166 1013 3232 insulas,
1028 3144 1053 3210 C
1068 3177 1162 3220 otrtnes
1173 3166 1328 3250 provincias
1342 3166 1515 3248 Calabrimet
1532 3167 1636 3239 Aptaliae
1658 3184 1721 3227 curn
1736 3178 1794 3227 tota
1811 3187 1863 3228 en·

227 3255 277 3298 ssu
292 3254 403 3312 regnem
421 3238 569 3294 'Pnoacrrae
580 3237 685 3292 ratione
701 3236 785 3291 debut
796 3250 847 3306 per
861 3254 869 3291 ι
920 3252 946 3292 nr
970 3252 1018 3294 re·
1068 3248 1129 3290 rum
1145 3241 1310 3292 terraetsam
1321 3252 1371 3307 pro
1383 3251 1477 3293 corum
1489 3244 1565 3307 iusto
1580 3238 1671 3295 valore
1689 3239 1868 3303 Perdinsnds

227 3310 320 3382 gisam
345 3307 376 3365 S.
402 3309 438 3365 lt.
464 3307 592 3363 Ecdeme
609 3315 637 3362 et
654 3305 811 3378 apostolice
895 3323 902 3360 ε
926 3325 936 3360 ι
955 3316 1019 3364 octo
1067 3313 1095 3358 et
1108 3303 1248 3363 Ehsaheth
1262 3305 1453 3377 Hispaniarum
1466 3308 1523 3381 regi
1536 3316 1564 3364 et
1578 3310 1686 3392 regina,
1702 3322 1765 3366 erm
1783 3310 1863 3373 titulo

226 3379 353 3437 videlieet
364 3378 516 3444 mimarum,
528 3391 577 3434 seu
589 3375 753 3433 borenorum
763 3376 940 3447 quadraginta
954 3377 1018 3432 mll-
1067 3372 1145 3431 dueis
1165 3381 1193 3430 et
1209 3375 1324 3434 ducissas
1341 3374 1475 3434 Calabriae
1488 3384 1518 3434 et
1531 3376 1668 3450 Apuliae...
1688 3380 1864 3439 consedimus

227 3449 304 3507 iiusr.
316 3450 353 3506 ila
373 3458 465 3522 rnpter
476 3461 619 3505 urceessor
628 3444 752 3517 Gregorii
765 3445 891 3502 Urbanus
902 3445 938 3503 ut
954 3461 1018 3502 cnm
1067 3452 1096 3499 et
1108 3443 1265 3518 elargimur.
1281 3465 1291 3499 t
1310 3445 1481 3517 ueniensque
1494 3447 1529 3503 sd
1543 3448 1746 3531 impositionem
1764 3464 1864 3509 cemus

226 3532 341 3593 mgnum
425 3534 468 3576 nse
482 3518 512 3573 in
525 3515 653 3574 Carnium
666 3515 864 3588 llyrrscbinum
877 3516 1019 3572 transtulit
1069 3511 1168 3586 (llll,
1184 3530 1219 3570 u.
1242 3513 1303 3588 no),
1321 3515 1450 3573 intactam
1473 3515 1602 3590 relnque
1617 3532 1782 3575 mmtnama
1798 3518 1863 3577 Cle·

226 3589 328 3665 (ilsyn
343 3588 423 3657 lati,
436 3605 465 3646 n.
475 3589 503 3655 b,
518 3587 591 3644 lbet
602 3585 636 3641 tt
650 3585 734 3668 ,acsi
744 3583 892 3668 immerite
904 3600 1018 3657 regnum
1067 3588 1158 3666 mente
1177 3583 1213 3641 ii
1226 3583 1375 3654 iniunctam
1389 3602 1404 3642 r
1466 3585 1566 3643 Sicilie
1578 3602 1628 3658 pro
1640 3588 1761 3663 generali
1778 3604 1863 3646 censu

227 3674 283 3716 non
295 3660 434 3727 existeret,
456 3656 623 3716 clementisl
663 3664 786 3726 restrgtts
800 3655 929 3713 insistens
953 3671 1019 3711 eon·
1067 3668 1143 3724 regns
1156 3655 1225 3711 citra
1240 3654 1359 3712 Pharum
1369 3665 1398 3712 et
1440 3665 1497 3724 tra;
1513 3657 1867 3725 sedncroshseinstituts

227 3730 300 3787 cedit
314 3727 412 3786 carum
428 3746 439 3782 r
454 3743 568 3802 regnum
582 3726 683 3783 Sicilie
696 3732 724 3782 et
741 3732 825 3781 mmm
837 3735 938 3782 terram
976 3741 1019 3783 ue
1067 3736 1151 3794 regno
1165 3723 1291 3794 Neapolis
1310 3740 1362 3784 seu
1380 3732 1460 3783 terre
1476 3726 1546 3784 citra
1559 3726 1678 3787 Pharum
1694 3743 1775 3785 omne
1789 3729 1868 3789 istst

227 3810 270 3856 est
286 3800 356 3857 eitra
378 3797 496 3855 Pharum
517 3810 603 3869 usque
619 3797 654 3853 ad
671 3794 788 3852 nonduin
811 3803 946 3852 terrarum
984 3810 1018 3852 o·
1067 3807 1137 3849 onus
1157 3794 1290 3866 imponit:
1308 3794 1385 3854 ‹Pro
1400 3804 1544 3864 totorero,
1568 3797 1616 3862 ait,
1638 3797 1762 3869 generali
1778 3814 1866 3858 censs

228 3885 316 3926 mane
333 3868 471 3937 Ecclesia,
493 3877 608 3950 exceptu
629 3866 740 3922 civitate
753 3865 941 3923 Beneuentano
955 3881 1018 3921 cum
1067 3865 1143 3934 regni
1153 3863 1278 3935 Neapolis
1293 3875 1418 3936 quatuor,
1442 3881 1476 3923 ac
1487 3880 1539 3937 pro
1552 3881 1637 3923 censu
1649 3867 1795 3924 ducatuum
1810 3866 1863 3927 Ca·

228 3939 436 3997 totuterritoris
451 3939 618 3996 etomnrbus
630 3936 797 3993 districtibus
807 3945 836 3994 et
846 3936 1019 4006 pertinentiis
1067 3931 1160 3990 lauriae
1172 3943 1201 3990 ct
1211 3933 1315 4005 Apuliae
1329 3936 1521 4007 predictorum
1542 3936 1627 3994 etism
1647 3945 1764 4020 quatum
1776 3938 1866 3999 millis

228 4006 791 4149 mamuldarium,
804 4005 1018 4145 ttdslil'i’l
1067 4003 1864 4147 trislatlltttlillllidlntldihlm

229 4150 287 4224 ipse
309 4151 337 4206 in
355 4095 538 4207 mmm&
539 4146 699 4204 idelitatis:
718 4163 729 4198 ι
806 4146 895 4211 mitta,
918 4146 1017 4216 inquit,
1067 4143 1269 4212 queilonranus
1288 4145 1409 4215 pensiles
1422 4145 1516 4213 luerit,
1531 4146 1582 4218 ipsi
1602 4134 1724 4207 Romano
1734 4148 1863 4218 pontihei

229 4218 299 4292 quod
312 4227 431 4292 prototo
518 4218 569 4274 rsii
582 4231 665 4275 censu
674 4218 794 4288 ipsorum
807 4217 883 4298 regni
897 4222 925 4272 et
937 4223 1018 4272 terta}
1067 4222 1095 4266 et
1119 4213 1247 4271 Romanas
1261 4215 1389 4277 aceede
1407 4230 1458 4288 per
1476 4217 1562 4273 diuos
1586 4232 1665 4290 regns
1685 4225 1717 4274 et
1733 4232 1862 4290 ,rugitum

229 4298 290 4347 ueto
302 4289 385 4346 millis
397 4306 435 4346 un
480 4289 609 4345 rumsuri
623 4288 660 4344 sd
678 4286 783 4357 pondus
797 4285 969 4357 ipsrusregni
989 4286 1018 4342 in
1068 4283 1151 4358 51ss
1166 4299 1200 4342 se
1214 4300 1279 4342 snos
1301 4285 1329 4341 ln
1343 4287 1416 4345 diets
1427 4296 1559 4359 reguoet
1580 4287 1723 4347 luesubns
1740 4287 1864 4349 teretes

229 4350 298 4418 testo
321 4361 392 4417 besti
406 4359 480 4417 Petri
493 4357 607 4431 apostoli
624 4357 658 4413 ds
672 4352 849 4413 menselunii
863 4357 1018 4426 ubicunque
1067 4356 1146 4411 annis
1170 4354 1283 4427 singulis
1307 4357 1496 4427 persolventur
1497 4395 1552 4413 .....
1579 4355 1611 4413 in
1635 4357 1757 4440 quolibet
1777 4359 1862 4417 αἰιιι
1940 4392 1944 4401 »

229 4432 367 4490 nonam
446 4426 501 4485 ilex
518 4427 610 4494 luerit
632 4427 687 4499 ipsi
704 4426 826 4483 Murano
843 4425 964 4499 pnutissci
988 4434 1017 4483 et
1067 4424 1185 4483 tmennie
1203 4425 1211 4479 i
1231 4426 1254 4481 si
1268 4441 1347 4499 reges
1359 4437 1387 4484 et
1449 4427 1511 4494 'na,=
1523 4427 1620 4510 suique
1637 4443 1666 4483 m
1681 4427 1761 4485 dietis
1826 4444 1864 4486 ns

228 4501 359 4559 bstmsose
384 4570 390 4583 ι
438 4500 503 4555 etiae
516 4498 595 4582 annis
609 4497 724 4581 singulis
742 4495 895 4580 persolvam
903 4534 1015 4553 .......
1029 4485 1095 4548 ue
1116 4440 1508 4578 dumtieusbaeredesffluut
1521 4499 1601 4554 unhss
1613 4505 1641 4553 et
1656 4498 1809 4555 successuri

229 4571 295 4626 ltern
305 4568 518 4653 promittoquod
530 4584 558 4625 ru
570 4567 692 4639 quohbet
703 4576 820 4624 termino
831 4567 955 4623 dabimus
965 4583 1016 4639 ego
1067 4572 1169 4621 nostras
1191 4565 1322 4623 Romanis
1380 4567 1514 4625 ntitleibus
1534 4566 1664 4625 esncmce
1685 4566 1863 4635 intrantibus,

229 4648 257 4696 et
270 4654 323 4695 mes
336 4640 364 4695 in
375 4640 543 4711 dictoregno
555 4637 677 4694 heredes
687 4637 765 4694 robis
775 4644 803 4693 et
812 4638 1017 4694 suceessoriints
1066 4634 1180 4705 quilibet
1205 4652 1289 4693 ustum
1309 4652 1343 4721 pa
1370 4637 1475 4694 lrcslum
1493 4637 1587 4694 album
1604 4638 1748 4708 pulchrum
1764 4646 1793 4693 ct
1813 4638 1864 4697 ho·

230 4710 327 4766 restris
352 4708 482 4765 Romanis
508 4707 681 4782 pontilicihus
702 4708 831 4771 canonice
853 4707 1017 4765 intrantibus
1066 4707 1171 4760 nostrin
1187 4706 1397 4780 recognitionem
1419 4707 1600 4765 reridnmiuii
1614 4709 1770 4765 eorumdem
1784 4707 1863 4779 regni

230 4795 313 4838 unum
324 4777 492 4862 palafredum
509 4780 600 4835 aihum
609 4778 751 4850 pulchrum
765 4784 794 4832 et
804 4777 912 4841 honum,
932 4776 959 4833 in
974 4793 1018 4833 re·
1066 4783 1094 4830 et
1108 4775 1266 4832 ducatuum.
1281 4796 1291 4829 ι
1305 4776 1488 4834 Alexandrina
1502 4785 1593 4835 autem
1612 4777 1664 4835 itta
1680 4778 1777 4835 divisio
1788 4777 1864 4834 inter

231 4846 1016 4992 numerumnunerum
1067 4845 1862 4989 lidus‘uitddbtlllllihulldtult

229 4936 328 5056 aiulfe,
347 5000 375 5046 et
391 5005 426 5047 ex
447 4989 608 5073 adversariis
621 4988 706 5070 ipsius
719 4986 860 5060 Ragnaldi,
879 4987 1018 5044 undecun·
1068 4986 1156 5043 uartdn
1170 4998 1254 5070 tntum
1269 4996 1369 5045 terram
1389 4987 1458 5045 citro
1471 4987 1592 5047 Pharum
1603 5004 1684 5049 mam
1699 4989 1726 5045 ist
1739 4959 1863 5059 potesta

230 5076 372 5188 ruffin
384 5058 803 5211 ”dalilffeasffimrpffillltlixstant
816 5125 887 5199 apud
900 5127 1018 5198 haynau·
1069 5059 1487 5211 ¹e·¹}iff.lih.gei'llg'monumentum
1502 5127 1621 5201 suppetit
1630 5143 1666 5184 ex
1678 5128 1774 5185 diariis
1785 5126 1863 5183 Pari·

230 5203 299 5283 dum¹
320 5200 399 5266 1151,
411 5218 440 5257 ιι.
455 5200 501 5263 bi,
514 5209 543 5257 ct
557 5199 635 5264 1111,
649 5216 677 5255 ιι.
692 5199 737 5281 lbi
749 5197 790 5253 Pu
804 5197 827 5253 ii
843 5207 870 5253 et
888 5197 1019 5254 lnnooen-
1068 5199 1151 5280 dtsde
1162 5197 1296 5280 Grassssa
1318 5240 1325 5253 .
1344 5198 1511 5280 liayrtmdum
1529 5197 1631 5279 (¹.5⁰5¹
1651 5216 1680 5255 tt.
1695 5199 1745 5267 stt
1757 5216 1764 5254 ε
1777 5198 1864 5257 Fruar·

231 5271 261 5327 tii
277 5273 296 5327 i
324 5271 343 5336 i,
367 5272 525 5328 nuestiturae
537 5270 617 5326 lacte
628 5268 807 5333 Ferdrsrando,
823 5278 852 5323 et
869 5268 1015 5342 Alphouso,
1067 5282 1157 5323 ctscus
1169 5283 1241 5324 enini
1252 5270 1284 5324 de
1295 5214 1385 5325 finias
1399 5268 1561 5325 Ferdmnndt
1573 5269 1645 5352 regis
1658 5269 1790 5325 Catholici
1800 5285 1863 5322 nra-

231 5356 263 5397 ac
273 5341 443 5399 Ferdinaudo
456 5342 513 5398 filio
523 5342 618 5398 iisdem
629 5339 739 5397 omrtino
752 5337 874 5396 turmulis
884 5339 1016 5395 seruatis:
1068 5345 1121 5403 tor,
1144 5355 1254 5395 censum
1268 5350 1294 5393 ct
1306 5354 1404 5409 equum
1423 5339 1554 5394 exhibens
1567 5336 1638 5395 luiso
1655 5339 1690 5401 ii,
1708 5340 1751 5395 iris
1772 5339 1863 5394 verbis

232 5428 245 5463 ι
260 5411 313 5470 Pru
327 5421 384 5468 toto
395 5428 459 5468 tero
472 5411 591 5484 generali
603 5426 686 5467 censu
706 5409 791 5483 ipsius
804 5411 879 5493 regni
891 5417 919 5464 et
937 5418 1018 5465 terrae
1067 5409 1221 5480 pontiliccm
1235 5420 1277 5465 est
1291 5410 1423 5466 allocutus
1438 5423 1445 5463 ε
1465 5427 1474 5461 ι
1488 5407 1648 5467 Beatissimc
1659 5409 1741 5464 Pater
1753 5415 1780 5465 el
1797 5423 1862 5464 san·

304 5484 385 5539 tniiiia
397 5484 537 5540 unciarum
551 5481 609 5537 auri
627 5481 661 5537 ud
679 5480 783 5552 penum
797 5480 882 5551 ipsius
897 5480 971 5552 regui
990 5480 1018 5534 in
1068 5479 1188 5535 ctissime
1199 5479 1318 5545 domine,
1340 5479 1539 5541 serenissimus,
1560 5480 1765 5551 potentissimus
1780 5487 1865 5547 siquo

329 5554 400 5610 beati
417 5554 490 5610 Petri
514 5552 629 5623 apostoli
637 5589 715 5605 .....
739 5549 769 5604 in
812 5550 912 5606 uolibct
935 5550 1017 5605 etiarn
1069 5549 1261 5607 invictissimus
1280 5550 1406 5621 princeps
1427 5557 1455 5605 et
1472 5548 1607 5615 dominus,
1626 5549 1752 5605 domiuus
1771 5547 1866 5602 l'erdi·

313 5623 349 5680 rio
358 5624 435 5680 dabis
449 5632 518 5679 tuot
531 5624 569 5678 tui
588 5623 616 5677 in
628 5623 701 5678 dicto
711 5633 794 5689 regno
850 5620 928 5677 redes
940 5620 1019 5677 nobis
1068 5621 1173 5676 nundus
1188 5616 1333 5691 Drigratia
1345 5619 1398 5675 Ara
1417 5619 1497 5684 onim,
1518 5619 1659 5690 utriusque
1680 5618 1781 5675 Siciliae
1794 5616 1864 5674 citro

312 5692 582 5774 Jccssoribusnostris
595 5692 704 5749 iiomm.
719 5698 807 5762 pontt.
825 5690 955 5747 canonice
977 5690 1020 5744 in·
1068 5688 1192 5772 nitetque
1211 5690 1328 5746 Pharum
1348 5706 1381 5747 ae
1393 5635 1541 5771 fenetras
1558 5705 1605 5745 rex
1618 5688 1785 5751 catholicus,
1799 5701 1863 5767 san·

312 5765 369 5823 bus
387 5779 470 5823 unum
482 5762 649 5838 pdnlrodsm
663 5761 753 5821 album
763 5760 905 5835 pulchrum
923 5769 952 5818 et
970 5760 1018 5819 tn
1069 5768 1172 5817 coruus
1189 5770 1283 5819 restrae
1300 5770 1327 5818 ct
1342 5760 1372 5818 S.
1390 5759 1423 5817 ll.
1437 5760 1567 5818 Ecclcstae
1580 5758 1771 5818 devotissimus
1782 5758 1854 5815 h'lsus
