4050 6192
156 345 225 403 1205
547 341 632 424 tlbltt
651 342 821 401 cauabant.
841 371 875 381 -
892 338 1002 396 CAPIT.
1024 339 1068 394 DE
1087 338 1180 395 rhed.
1200 370 1236 381 -
1255 340 1318 395 tib.
1339 340 1373 397 lu
1717 347 1786 407 taos

152 461 290 523 mmm,
305 471 340 514 ω
354 456 424 513 pmg
441 452 556 524 ,tmpus
572 456 707 513 hemma
718 467 874 525 perversam
892 451 943 509 do·
955 455 982 519 Α
995 449 1139 507 admodum
1151 450 1253 507 luctum
1275 453 1310 507 sit
1322 493 1332 518 ,
1343 453 1451 523 penitus
1472 455 1620 510 dubitetur.
1635 456 1704 515 Nam
1719 460 1783 516 dunt

152 546 494 622 montemacutum
512 552 623 609 metum,
635 553 665 599 et
683 544 761 614 quasi
776 542 943 612 spiritalibus
993 555 1104 611 proram
1123 557 1158 596 aa
1175 542 1202 597 id
1216 545 1288 613 quod
1311 543 1404 598 retulit
1420 544 1491 599 idem
1507 546 1650 618 presbyter
1672 549 1700 604 in
1713 552 1783 607 reri·

152 637 276 694 sensibus
293 636 443 693 immistum
465 634 579 689 interius
591 634 673 691 lateat
694 634 896 696 obumbratum,
915 637 944 685 et
994 640 1050 687 tate
1060 640 1166 704 gestum
1184 633 1219 688 sit
1239 634 1387 705 ignoretur,
1411 636 1517 691 ehamsi
1539 654 1566 693 m
1583 640 1697 699 ueritate
1719 658 1784 714 ges·

151 728 215 783 dnm
230 736 347 798 putatae
361 726 423 796 quis
439 726 523 781 divini
539 727 612 781 verbi
632 725 773 796 percipere
785 739 941 787 nummum,
993 732 1052 781 tum
1071 722 1153 779 luisse
1163 725 1332 794 probaretur,
1346 725 1489 783 sollicitius
1510 729 1692 800 indagandum
1706 735 1782 789 esset

152 818 235 873 ,posi
248 816 383 887 dogmatis
392 816 524 887 percipiat
533 816 672 871 exitiabile
682 816 791 870 malum.
805 814 943 881 Quaeritur
992 830 1109 883 quonam
1123 816 1203 873 modo
1220 824 1326 887 gestum
1338 816 1421 873 luisse
1441 819 1642 887 perhiberetur,
1654 824 1782 892 quoniam

151 926 186 965 an
201 910 273 980 regis
285 910 353 965 ineo
365 908 402 965 sit
410 907 563 977 inscriptio,
577 923 611 963 un
628 907 747 978 tyranni,
762 907 826 976 quia
837 906 943 961 seilicet
993 906 1102 974 quidem
1117 906 1247 961 miracula
1260 906 1395 961 interdurn
1418 922 1467 978 per
1481 911 1621 979 reprobos,
1645 912 1783 971 interdum

151 1004 228 1059 boen
240 1001 406 1057 doctissimis
421 1001 525 1054 virisin
538 998 689 1069 hujusmodi
702 997 941 1069 scripturissaler·
992 1000 1075 1059 etiam
1088 1000 1237 1071 verdellis
1259 1010 1416 1072 Ρθῑθῦῑῧῑθῦν
1444 1001 1601 1074 Plerumque
1626 1017 1715 1061 ΨΜ
1736 1022 1785 1077 W

152 1094 255 1149 'mim
271 1091 649 1162 indagatiompmfflmun
668 1097 760 1147 upum
775 1088 808 1144 ag
826 1087 942 1143 &punem
992 1098 1232 1161 sanamquonque
1246 1092 1302 1147 siae
1321 1106 1371 1161 par
1389 1092 1510 1162 angelica
1525 1093 1677 1149 ministeria
1704 1095 1783 1153 liunt

151 1186 248 1240 2351„ae
259 1183 414 1254 pertineant
423 1190 452 1239 et
464 1181 535 1252 rogis
549 1180 644 1246 nostri,
658 1180 704 1249 qui
714 1180 833 1235 salrator
843 1178 885 1234 rel
897 1193 942 1233 sa·
992 1180 1105 1247 Quodsi
1120 1181 1236 1251 quodam
1250 1181 1353 1251 antiqui
1369 1182 1457 1237 hemis
1469 1181 1667 1239 flexuosissimo
1679 1185 1783 1240 machi·

152 1274 248 1329 lntaris
260 1272 369 1336 dicitur,
389 1269 517 1328 stlattaria
540 1270 642 1327 monita
664 1271 791 1332 habeant,
808 1285 842 1325 ne
855 1269 939 1334 lorte,

152 1364 307 1436 postpositis
320 1363 372 1426 his,
384 1362 487 1431 antiqui
502 1362 588 1416 bostis
598 1361 721 1430 quadam
735 1360 814 1415 noxia
837 1359 940 1415 machi·

152 1462 278 1508 tramenta
293 1453 419 1515 babeant,
433 1459 461 1507 et
473 1452 536 1506 elram
551 1452 703 1520 sequenms
721 1450 803 1516 sitis,
821 1451 867 1519 qui
889 1450 937 1514 ait,

152 1547 222 1600 bota
231 1555 269 1600 eet
279 1546 343 1598 mihi
352 1546 436 1598 omnia
446 1552 557 1613 potestus
566 1543 594 1596 in
607 1541 671 1597 roelo
681 1552 704 1597 et
714 1543 741 1596 ia
751 1540 939 1610 remollietur.

992 1280 1120 1328 namento
1134 1280 1223 1329 amum
1237 1279 1289 1338 est,
1304 1287 1357 1327 non
1373 1272 1460 1327 solum
1472 1289 1506 1328 ex
1519 1290 1552 1330 eo
1561 1275 1783 1347 minimepoterit

993 1361 1140 1432 imaginum
1167 1362 1288 1418 adoratio
1301 1363 1399 1427 astrui,
1425 1362 1472 1419 scd
1486 1365 1643 1421 etiameum
1671 1374 1783 1421 auctore

992 1470 1043 1509 suo
1060 1454 1217 1523 cunctisque
1235 1454 1293 1523 ejus
1308 1455 1476 1513 illusionibus
1495 1465 1625 1525 perpetuo
1640 1457 1719 1514 debet
1733 1459 1782 1514 ab

990 1543 1053 1613 jici3
1066 1545 1089 1599 si
1106 1560 1170 1599 reru
1181 1561 1229 1615 par
1244 1545 1380 1615 angelicos
1396 1554 1543 1615 apparatus
1559 1558 1665 1617 gestam
1676 1557 1728 1610 est,
1754 1557 1783 1603 ut

152 1636 260 1707 asnar),
276 1636 322 1705 qui
338 1650 386 1704 per
399 1634 580 1689 bumilitatem
594 1640 700 1687 terrena
720 1629 876 1685 caelestibus
899 1643 943 1683 so-
992 1635 1120 1706 pleraqae
1130 1636 1206 1705 signa
1218 1636 1275 1692 lieri
1288 1635 1385 1699 solent,
1399 1651 1417 1690 n
1429 1652 1451 1690 ‚c
1468 1652 1500 1692 er
1514 1652 1547 1691 eo
1561 1638 1669 1706 quidem
1682 1638 1722 1694 ηῑ
1736 1653 1784 1694 cu-

151 1730 244 1795 clarit,
257 1729 309 1792 5¹¹0,
324 1729 398 1798 quod
408 1726 489 1791 ebtib
503 1733 633 1795 tedbald?
651 1723 697 1793 (1ὓὶ
711 1722 774 1777 dum
786 1736 835 1791 W
849 1729 942 1792 lyren-
991 1726 1098 1798 jusdam
1115 1728 1280 1785 irrationalia
1292 1729 1414 1785 adoratio
1427 1729 1527 1799 poterit
1543 1729 1702 1796 inolescere,
1716 1746 1784 1801 qrro

151 1821 241 1877 uidem
256 1819 352 1875 similis
366 1817 505 1875 Alfissssim
514 1823 738 1884 imbffloeleffle
747 1810 942 1875 V⁰¹l¹ibdlli¹¹⁰
956 1793 980 1854 B
995 1819 1067 1873 niam
1079 1818 1233 1875 credibilius
1246 1820 1354 1889 quidem
1366 1829 1408 1876 est
1421 1818 1473 1876 boc
1482 1821 1645 1877 miraculum
1657 1822 1708 1879 loci
1723 1838 1785 1878 san·

147 1913 301 1983 justissimo
322 1910 425 1981 judicio
450 1909 484 1964 ad
509 1907 636 1963 interiora
657 1906 777 1974 dilapsus
798 1902 942 1959 infeliciter
991 1908 1029 1964 cti
1037 1907 1491 1978 reverentiapotiusquamulicuy‘us
1503 1911 1628 1981 imaginis
1636 1912 1781 1982 praesentia

151 2007 217 2060 ruit.
233 2004 368 2072 Quaeritur
378 2003 461 2056 etiam
477 2017 491 2056 a
514 2000 616 2054 talibus
629 1996 827 2061 nummulariis,
850 2001 941 2049 utrum
991 2008 1098 2071 gestum
1118 1998 1212 2064 luisse,
1226 2000 1249 2055 sl
1264 2008 1354 2056 tamen
1370 2010 1475 2070 gestum
1490 2010 1542 2056 est.
1563 2002 1779 2059 Venerabiliorcs

152 2096 220 2150 tanti
257 2092 462 2164 patrisfamilias
495 2105 623 2145 nummus
640 2086 792 2159 plenissimi
815 2084 943 2155 ponderis
991 2093 1065 2149 mim
1080 2102 1143 2149 pune
1166 2092 1285 2148 basilicas
1309 2094 1435 2163 imagine,
1460 2101 1489 2149 pn
1513 2094 1696 2150 reverentiora
1720 2105 1784 2150 gum

150 2186 332 2257 equalitatem
352 2193 435 2256 gerat,
449 2184 475 2238 id
495 2191 547 2247 est,
560 2192 652 2236 utrum
666 2181 790 2237 doctrina
816 2178 943 2249 quelibet
992 2183 1050 2239 loca
1064 2182 1181 2239 cultibus
1194 2184 1346 2254 mancipata
1358 2184 1466 2248 divinis,
1478 2184 1643 2253 quibuslibet
1659 2185 1783 2254 picturis,

151 2279 317 2351 propheticis
330 2287 410 2345 atquc
422 2275 577 2346 apostolicis
589 2272 723 2329 doctrinis
735 2268 890 2332 concordet,
908 2283 943 2324 ne
992 2274 1107 2329 Donum
1121 2282 1275 2339 attestante,
1290 2276 1337 2344 qui
1349 2273 1437 2344 majus
1451 2277 1518 2331 duxit
1531 2292 1592 2332 esse
1605 2276 1690 2333 uitare
1699 2292 1781 2347 quam

153 2371 224 2424 sorte
247 2369 300 2424 iliis
321 2366 520 2438 quodammodo
540 2364 704 2420 dissentiens
732 2370 779 2416 aut
807 2358 942 2429 superflua
992 2380 1091 2419 aturrus
1103 2364 1176 2432 qttod
1188 2364 1215 2419 in
1228 2380 1260 2419 eo
1276 2364 1399 2430 riemanr,
1419 2364 1560 2436 majusque
1577 2383 1638 2423 esse
1654 2367 1782 2437 ternplum

152 2476 266 2531 qunque
280 2471 325 2515 aut
338 2460 428 2514 nrirms
440 2457 517 2529 plena
528 2455 689 2526 promulget,
702 2453 829 2523 quoniam
847 2461 874 2507 et
894 2451 941 2506 dtr·
993 2470 1059 2511 nuro
1068 2457 1139 2526 quod
1150 2457 1177 2511 iu
1189 2472 1223 2512 eo
1235 2465 1288 2522 est,
1304 2458 1367 2527 quia
1379 2458 1480 2529 templo
1492 2470 1520 2514 et
1528 2459 1607 2515 altari
1618 2475 1715 2514 aarum
1726 2460 1785 2515 sire

153 2554 230 2608 traria
243 2553 303 2607 anri
316 2560 345 2606 et
354 2550 459 2622 argenti
472 2564 532 2618 ipre
543 2548 571 2602 in
584 2561 666 2616 opere
679 2544 849 2600 tabernaculi
865 2559 880 2597 a
895 2558 943 2612 pn
993 2562 1106 2603 munera
1133 2556 1334 2603 consecrantur.
1362 2548 1490 2617 Legimus
1527 2565 1644 2620 namque
1672 2551 1782 2606 beatam
1837 2565 1841 2573 ⁴

153 2642 217 2712 pulo
226 2641 418 2705 offerebantur,
433 2655 448 2694 a
467 2638 621 2709 legislatore
631 2638 665 2692 ad
679 2635 942 2707 pondussanctuam'i
992 2638 1153 2708 Gmgorium
1164 2640 1265 2697 dixisse
1279 2641 1350 2710 quod
1360 2642 1387 2695 in
1401 2642 1516 2711 quadam
1523 2642 1635 2699 basilica
1641 2642 1784 2714 ingruente

152 2748 270 2804 apyrensa
295 2732 521 2803 suscipiebantur.
554 2728 632 2784 Unde
658 2727 737 2782 datur
755 2726 870 2796 intelligi
895 2739 943 2779 eas
993 2730 1206 2786 insolentissima
1224 2745 1356 2801 aquarum
1372 2732 1508 2788 alluvione
1524 2733 1681 2789 earumdem
1703 2748 1787 2804 aqua-

152 2825 301 2895 scripturas
323 2824 380 2879 sire
407 2822 556 2885 doctrinas,
572 2821 615 2875 rel
639 2821 722 2875 etiam
736 2834 819 2888 opera
843 2834 858 2873 a
877 2833 943 2873 tero
970 2873 976 2883 ,
994 2837 1054 2877 rum
1069 2821 1194 2878 incursus
1205 2836 1290 2891 usque
1303 2824 1337 2878 ad
1349 2823 1482 2879 fenestras
1493 2824 1675 2895 pervenerint,
1687 2838 1787 2894 easque

152 2914 317 2985 legislatore,
331 2913 480 2969 mediatore
490 2911 616 2966 uidelicet
631 2909 677 2965 Dei
691 2918 718 2964 et
734 2908 883 2971 hominurn,
897 2922 943 2963 te-
994 2910 1068 2966 intus
1081 2911 1187 2967 Domini
1210 2912 1310 2967 uirtute
1327 2913 1471 2969 resistente
1490 2915 1600 2969 minime
1618 2915 1722 2971 inuare
1739 2929 1787 2984 po-

152 3006 254 3061 mciter
280 3006 350 3060 intra
368 3011 491 3059 sanctam
503 3001 652 3058 Ecclesiam
676 3014 737 3055 esse
757 2998 942 3067 suscipienda,
993 2999 1088 3061 tuisse,
1102 2999 1788 3071 etluminariaquaeacustodibusbasilieaedudum

152 3111 213 3165 qnae
225 3110 239 3149 a
252 3096 371 3165 pondere
384 3091 544 3157 sanctuarii,
565 3091 645 3145 idest
661 3089 695 3145 ab
706 3090 880 3159 antiquorum
894 3105 944 3159 pa-
996 3086 1104 3143 iuerant
1114 3089 1264 3155 exstincta,
1286 3091 1320 3144 ab
1330 3090 1432 3146 eisdem
1444 3092 1603 3146 custodibus
1617 3093 1788 3162 postmodum

153 3196 223 3242 trum
238 3202 343 3251 norma,
356 3199 525 3254 nequaquam
540 3189 603 3237 sunt
618 3182 744 3238 sensibus
763 3181 942 3251 reloperibus
962 3194 965 3195 ’
995 3179 1148 3236 ilbxminate
1165 3189 1271 3252 reperta
1286 3181 1388 3237 luisse:
1410 3183 1482 3251 quod
1500 3182 1609 3251 quidem
1627 3182 1788 3239 miraculum

150 3279 316 3347 disgregata.
331 3276 394 3330 llaec
406 3291 471 3345 ergo
483 3274 649 3330 omniadum
673 3272 829 3344 singillatim
842 3273 899 3328 sire
914 3273 942 3327 in
995 3286 1050 3326 non
1074 3272 1199 3343 imaginis
1212 3270 1365 3340 cujuslibet,
1390 3273 1437 3328 sed
1457 3274 1545 3329 salicti
1565 3273 1616 3329 loci
1637 3276 1788 3330 reuerentia

151 3367 230 3425 libris
240 3365 286 3433 qui
298 3364 486 3418 inscribuntur
503 3362 586 3418 Gesta
599 3362 721 3424 Petrum,
736 3362 832 3417 sivein
851 3362 941 3417 omui·
995 3361 1096 3419 lactum
1109 3361 1192 3419 luisse
1202 3364 1368 3436 perhibetur.
1389 3364 1418 3418 Si
1432 3381 1497 3436 ergo
1509 3366 1535 3420 id
1545 3365 1704 3420 miraculum
1715 3366 1789 3435 qnod

153 3456 204 3509 lars
227 3452 328 3522 passim
354 3452 524 3521 dogmatibus
547 3449 649 3506 luerint
671 3451 797 3520 prudenti
818 3452 943 3505 examine
992 3455 1193 3512 Ascalpnlrppae
1202 3456 1324 3512 ecelesias
1338 3458 1480 3527 prespyyffl·
1494 3471 1558 3525 erga
1580 3455 1726 3525 imaginem
1741 3470 1790 3525 ψ.

152 3545 266 3615 qaarsita
279 3540 943 3612 etsumnraindustriareperta,conlidentersunt
994 3546 1118 3616 paruisse
1140 3547 1231 3602 retulit
1256 3548 1291 3601 ob
1317 3547 1441 3602 earndem
1464 3546 1609 3616 imaginem
1631 3545 1789 3616 apparuisse

151 3637 308 3691 earumdem
320 3637 450 3693 librorum
472 3636 597 3705 dogmata
611 3633 653 3687 vel
672 3632 825 3686 testimonie
846 3629 881 3685 ad
899 3644 943 3684 res
995 3643 1141 3702 censurat,
1165 3652 1217 3692 non
1230 3637 1291 3691 ideo
1305 3638 1435 3708 imagines
1446 3637 1591 3692 adorandae
1602 3636 1706 3704 lorent,
1721 3653 1790 3707 quu-

153 3726 249 3781 dubias
259 3727 460 3781 conlirniaudas
472 3726 500 3779 iu
516 3725 633 3779 medium
644 3723 817 3786 deducentem
830 3736 880 3775 nec
892 3736 942 3790 po·
994 3728 1069 3781 niam
1081 3742 1135 3782 non
1145 3726 1236 3782 omnia
1247 3741 1296 3795 per
1308 3741 1369 3797 quae
1383 3725 1426 3781 rel
1445 3726 1472 3780 in
1489 3725 1588 3794 quibas
1602 3726 1733 3781 miracula
1744 3741 1791 3796 ap

152 3817 216 3872 terit
230 3818 292 3872 talis
315 3817 429 3886 pecunia
453 3830 469 3869 a
488 3813 608 3883 quolibet
630 3812 787 3881 improbari,
812 3826 873 3881 (1⁰ae
893 3826 944 3880 per
994 3830 1109 3888 paruere
1120 3819 1256 3873 adoranda
1267 3817 1426 3882 creduntur,
1438 3817 1461 3872 si
1474 3832 1538 3887 ergo
1548 3818 1639 3871 omnia
1650 3816 1678 3872 in
1690 3817 1790 3889 quibus

151 3909 219 3963 tales
230 3907 379 3976 trapezitas
394 3906 462 3960 tanti
475 3903 608 3959 examinis
619 3902 792 3973 indagatione
804 3901 943 3970 valuitap
994 3907 1036 3963 rel
1049 3922 1173 3977 perque
1192 3907 1321 3962 miracula
1338 3907 1462 3977 quadam
1484 3921 1632 3977 apparuere
1648 3908 1788 3964 adoranda

152 4000 271 4070 probari.
397 3986 399 3993 ’
994 4009 1067 4064 sunt,
1081 4014 1150 4069 pene
1162 3999 1230 4055 nibil
1242 4001 1392 4055 remanebit
1400 3999 1473 4071 quod
1486 4016 1539 4055 raon
1549 4000 1695 4056 adoretur:
1707 4001 1789 4071 quip-

994 4106 1028 4161 pe
1040 4106 1102 4147 cnm
1113 4100 1153 4147 tot
1166 4091 1303 4161 tantisque
1315 4090 1402 4147 modis
1413 4104 1483 4161 pene
1497 4090 1526 4146 in
1540 4091 1665 4147 omnibus
1677 4098 1788 4148 creatu·

995 4186 1034 4241 ris
1052 4185 1143 4240 dirina
1157 4184 1287 4240 miracula
1299 4193 1408 4240 ostensa
1419 4185 1487 4248 sint,
1508 4182 1536 4238 in
1554 4183 1655 4254 quibus
1666 4184 1730 4241 huic
1741 4198 1790 4241 no-

293 4341 298 4352 ,
364 4339 370 4349 y
605 4338 610 4348 ,
789 4336 795 4348 ‚
831 4336 836 4347 ,
860 4338 865 4348 ,
994 4286 1059 4330 strar
1079 4274 1252 4345 disputationi
1264 4273 1401 4329 immorari
1412 4273 1530 4329 otiosum
1549 4273 1742 4343 est,quoniam
1760 4274 1789 4329 in

185 4356 275 4462 {mm
289 4355 403 4461 ''¹2¹9''ss
423 4349 522 4392 “¹¹¹⁶‘oe
539 4336 634 4392 ΜΝ
655 4352 756 4435 &mm
772 4353 879 4419 ¹'“9”²².⁸
901 4337 942 4392 ἠ·
994 4366 1181 4436 superioribus
1202 4363 1283 4433 buius
1302 4365 1393 4434 operis
1416 4364 1539 4434 partibus
1561 4379 1594 4421 ex
1617 4366 1668 4421 lrac
1686 4379 1717 4421 re
1738 4365 1790 4421 ali·

201 4426 318 4465 eraomr
342 4425 482 4472 ratiarnnese,
507 4418 531 4462 et
555 4416 730 4479 posttertram
755 4405 794 4461 ael
820 4417 941 4477 querulam
1237 4456 1243 4468 ,
1473 4456 1479 4467 ,

186 4496 231 4533 tea
246 4481 434 4562 eginmsentam
452 4495 565 4533 mensem
586 4477 736 4531 redeuntem
755 4478 940 4531 inexstinctam
959 4457 1153 4539 Dllfldssffllum
1168 4455 1282 4511 D⁰¹¹¹¹¹¹⁰
1299 4463 1435 4510 ²¹¹¹¹¹¹⁸¹¹¹0
1453 4453 1619 4524 dlsspmfflffl
1632 4463 1684 4510 0⁸²·

187 4564 323 4621 'emm‘
1287 4567 1401 4626 Chl‘bT
1421 4567 1489 4623 Xili.

462 4083 576 4141 carui
595 4082 652 4138 illl.

153 4195 941 4269 DecoqaodDionysiuspresbyterecrlesiu·Ascalonitonrrin

185 4269 276 4323 endem
287 4268 387 4339 synodo
399 4267 517 4322 retulisse
531 4268 623 4338 senar,
635 4266 774 4337 quemdum
784 4267 940 4322 monacham

185 4682 297 4750 Legitur
310 4681 426 4750 denique
450 4680 477 4736 in
491 4679 611 4749 ejusdem
628 4674 725 4751 synodi
749 4677 865 4734 lectione
879 4678 941 4732 Dio.
995 4668 1073 4735 Qacd
1085 4670 1140 4723 ham
1154 4667 1268 4739 synodus
1286 4666 1435 4722 nullatenus
1452 4668 1612 4739 equiperari
1631 4666 1714 4751 possit
1738 4662 1790 4719 Ni·

152 4771 246 4841 nysius
259 4769 401 4840 presbyter
411 4769 533 4825 eeclesim
547 4768 744 4823 Ascalonilanae
756 4768 783 4822 in
796 4782 869 4839 saepe
884 4782 943 4838 me·
1029 4739 1232 4864 amam*
1244 4739 1542 4879 Jzffmssmaznufflg
1552 4735 1790 4875 {mamam

151 4871 255 4918 morata
272 4861 375 4931 syuodo
387 4860 664 4930 retulissequemdam
676 4859 839 4914 monachum
851 4873 943 4914 comm
1030 4880 1256 4950 ‘mmmmm
1270 4878 1302 4931 ay,
1314 4895 1344 4933 ,a
1359 4895 1413 4932 Μ
1433 4877 1518 4932 ,opum
1533 4880 1561 4934 ,Ὦ
1575 4877 1688 4942 mm,
1706 4874 1753 4929 ,pp
1764 4882 1789 4930 ,p

152 4952 267 5021 imagine
280 4953 371 5012 beata,
383 4951 430 5009 bei
449 4951 589 5022 genitricis
604 4949 696 5004 Marius
710 4947 850 5004 lucernam
871 4963 940 5002 con·
1029 4949 1057 5003 in
1071 4947 1187 5021 symbolo
1198 4948 1346 5017 discrepare
1359 4957 1491 5001 noscatur.

152 5045 286 5108 cinnasse,
294 5051 388 5112 etpost
395 5050 522 5112 quartum
532 5043 704 5113 reiquintum
718 5055 768 5096 nee
777 5055 830 5093 non
843 5047 871 5094 et
883 5053 959 5094 sex-¹
1030 5040 1188 5108 ernnqnam
1203 5036 1285 5106 igitur
1300 5037 1358 5090 haee
1373 5036 1493 5105 synodus
1509 5035 1535 5090 in
1551 5035 1641 5090 Nicaea
1655 5032 1790 5103 Bithyniae

152 5140 209 5187 tum
229 5146 350 5187 mensem
372 5133 564 5188 inexstinctam
596 5132 739 5201 reperisse.
764 5129 816 5196 Qui
839 5129 943 5185 relatus
994 5131 1062 5184 rrrlse
1073 5129 1108 5184 sit
1117 5128 1229 5200 agitata,
1241 5140 1410 5195 nequaquam
1422 5125 1567 5181 secundum
1581 5124 1687 5180 illorum
1699 5130 1789 5178 osten·

152 5225 226 5287 dum,
241 5222 311 5277 sieut
321 5230 347 5278 et
359 5230 457 5279 caetera
476 5238 536 5293 que
549 5222 648 5277 ibidem
662 5220 830 5285 uolutamur,
844 5220 945 5275 nonob
996 5221 1139 5282 tationem,
1155 5227 1182 5272 et
1200 5216 1345 5271 secundum
1361 5214 1473 5271 loannis
1491 5214 1641 5287 presbyteri
1660 5213 1791 5268 adulatio-

152 5315 225 5373 aiiud
248 5313 331 5370 luerit
345 5315 453 5381 allatus,
473 5315 527 5371 nisi
539 5314 574 5370 ob
595 5313 743 5383 imaginum
754 5311 943 5367 stabiliendam
996 5326 1057 5366 nrm
1074 5307 1233 5379 aequiparari
1254 5306 1324 5362 talct
1344 5314 1445 5363 sarrclae
1458 5305 1573 5363 Nicaeum
1594 5305 1707 5377 synodo,
1725 5319 1791 5373 quo·

152 5407 347 5469 adorationem,
361 5420 413 5461 nee
426 5406 459 5462 dc
472 5421 505 5462 eo
518 5404 590 5460 sient
602 5418 652 5459 nec
663 5402 696 5459 de
719 5402 826 5458 emtcris
848 5403 943 5458 eadem
995 5404 1067 5459 niam
1082 5418 1144 5457 crum
1161 5401 1187 5455 in
1204 5399 1326 5470 pluribus
1341 5400 1375 5455 ab
1392 5414 1424 5454 ea
1442 5396 1591 5463 discordet,
1609 5413 1659 5453 nee
1674 5396 1702 5451 iu
1717 5412 1789 5467 sym·

153 5494 299 5567 imaginum
314 5494 437 5551 adoratio
452 5494 596 5565 quemdam
611 5493 710 5564 poterit
731 5492 855 5548 obtinere
866 5492 944 5563 rigo·
995 5493 1057 5549 bolo
1074 5492 1181 5565 quidem
1197 5492 1222 5547 ei
1240 5491 1351 5548 omnino
1367 5489 1522 5547 coneordat.
1541 5490 1628 5546 iiabet
1642 5489 1714 5544 enirn
1730 5489 1790 5543 baec

153 5601 220 5652 rem,
232 5586 401 5656 quippedum
413 5594 440 5642 et
452 5587 485 5641 de
497 5583 555 5654 eius
565 5584 618 5639 fide
631 5583 676 5653 qui
691 5583 718 5639 id
732 5582 864 5650 retulerit,
874 5591 901 5639 et
912 5584 944 5638 dc
996 5586 1022 5639 in
1041 5600 1096 5640 suas
1112 5583 1172 5639 hdei
1190 5580 1358 5653 prolessioue
1374 5597 1442 5637 nota
1469 5582 1550 5637 rerba
1575 5595 1687 5651 qumque
1705 5587 1734 5633 ct
1750 5579 1790 5635 iu·

154 5672 225 5731 laeto
243 5684 332 5731 utrum
348 5675 449 5732 laetum
464 5676 509 5741 sit,
523 5683 551 5731 et
564 5675 598 5731 de
623 5683 754 5744 tempore,
767 5675 877 5745 quando
902 5676 944 5730 la·
996 5677 1197 5746 usitataquaaa
1212 5681 1305 5731 sancta
1319 5672 1427 5729 uicena
1448 5674 1550 5745 synodo
1569 5686 1738 5743 nequaquam
1760 5670 1787 5726 iu

154 5767 420 5834 rtumsit‚etdcloeo
433 5769 478 5824 ubi
493 5766 593 5822 lactum
608 5764 652 5831 sit,
668 5765 833 5822 etdemodo
847 5781 943 5835 quem-
996 5766 1118 5839 symbolo
1140 5772 1204 5823 suat
1224 5772 1367 5831 annotata,
1391 5763 1425 5819 de
1446 5763 1544 5834 quibus
1565 5763 1591 5818 in
1614 5762 1686 5818 tertii
1707 5759 1789 5830 bulas
