4050 6192
117 236 174 294 ᾒδ
208 234 287 295 001).
307 229 396 292 billis.
409 263 446 275 —
463 226 722 295 autumno,
738 228 806 287 salt
823 223 941 286 CODEX
958 215 1168 284 canabinas
1184 241 1221 264 ⁴·-
1234 216 1311 276 EPP.
1336 213 1488 274 anuum.
1503 239 1538 258 -·-
1558 213 1676 273 mabil.
1692 211 1766 272 *flii

116 359 201 417 euque
212 347 242 402 in
254 348 403 401 exarchatu
415 340 603 412 etPentapoh‚
615 340 694 411 cttjns
704 341 745 396 rei
756 347 842 396 testes
854 347 919 395 aunt
935 348 956 405 Α
971 339 1060 394 lorum
1086 336 1217 420 principis
1244 333 1409 404 adiutorium
1421 372 1432 415 ,Ι
1452 331 1570 388 assiduis
1595 332 1670 413 publi
1689 330 1696 346 ’

117 419 326 488 locupletissimi
354 414 557 486 eptsnrtnquas
587 426 740 466 versamus.
767 411 918 466 liiscrimen
971 407 1108 480 pontificu
1122 418 1151 463 et
1162 408 1347 463 Romanorum
1361 404 1488 475 precrbas
1503 412 1566 485 ants
1586 417 1647 472 erus
1660 418 1693 460 oo
1723 419 1768 459 us·

11 521 13 534 ι
117 487 349 543 tantummodum
364 481 605 606 utriusquepa
623 481 735 537 ditioris
748 480 855 552 origine
876 494 920 533 re·
970 480 1076 534 sionem
1093 476 1276 548 imploratam.
1291 475 1415 530 llaeuna
1437 489 1486 544 spe
1503 473 1607 528 tllectos
1622 473 1767 544 pippinum

116 559 235 630 peritur,
249 573 312 611 nam
327 557 448 610 Romana
461 553 497 607 25
522 569 569 606 ere
583 552 663 607 annis
673 551 812 620 antiquior
824 556 866 604 ent
878 548 919 603 ai·
969 547 1134 604 etCarolrrm
1146 546 1313 603 Francorum
1330 560 1409 616 reges
1429 544 1509 614 longe
1530 544 1637 627 lpteque
1648 543 1766 615 amplifl-

119 642 188 684 tera.
207 627 315 683 Titulus
328 628 436 696 qnoque
446 623 558 678 dominii
574 632 616 678 est
629 623 722 676 rarius
734 640 740 675 :
754 636 819 678 nant
834 620 920 674 homa
969 634 1047 674 casse
1060 618 1299 688 apostolicaesedis
1314 616 1445 671 ditionem
1455 615 1580 682 invento3
1606 623 1635 669 at
1654 613 1767 670 dominii

118 713 146 756 et
167 698 227 754 e'us
247 698 361 754 ducatus
382 711 414 750 ex
438 694 599 764 populorum
617 693 755 747 voluntate
770 691 798 746 in
812 690 920 761 pontili-
968 688 1184 760 quidquamsibi
1198 696 1406 756 autarrogasso,
1422 693 1470 742 atat
1482 701 1646 751 reservasse,
1712 697 1769 742 ter·

116 771 160 825 cis
174 714 306 824 ditionem
335 767 425 831 retrit;
440 765 607 821 exarchatus
624 778 689 818 vcro
712 771 740 818 st
763 760 919 832 Pentapolrs
968 748 1647 881 qaaminSpoletiet'lusciaeducatibusnusggum
1681 755 1766 837 titur.

116 839 321 900 etdonatione·
1005 828 1219 885 iheumautem
1233 826 1567 897 hqjasmodipatrimattrm
1599 826 1768 897 regonuslil

157 907 224 964 illl.
244 906 409 963 Patriciattts
433 919 500 960 roos
515 903 653 958 Adrianus
673 909 817 971 atramque
836 899 919 960 ditio-
968 900 1126 956 exhibuisse
1141 900 1249 955 dicatur
1268 897 1367 955 Cat-olo
1386 896 1518 964 ilartello,
1533 907 1562 952 et
1580 897 1734 968 Stephanus
1745 897 1768 951 ll

18 977 21 988 '
118 995 180 1035 nem
200 977 338 1034 luculente
360 973 662 1045 distinguebamus
685 974 759 1030 enirn
773 970 919 1042 patricium
968 970 1121 1026 certissime
1132 968 1280 1027 contulerit
1293 968 1408 1040 Pippino
1422 965 1534 1039 masque
1546 967 1692 1025 filiisanao
1704 966 1766 1032 tet,

116 1048 238 1120 appellat
250 1047 388 1112 Carnium,
399 1058 427 1100 et
437 1046 601 1102 exarchatus
612 1059 645 1099 ae
660 1043 817 1112 Pentapolis
826 1042 918 1098 dirum
966 1042 1003 1096 ab
1015 1039 1051 1096 iis
1060 1040 1144 1111 igitur
1152 1050 1205 1097 tem
1242 1040 1319 1096 ribus
1329 1037 1451 1110 pontifex
1461 1039 1652 1096 dominabatur
1661 1037 1765 1102 Romae,

115 1120 242 1190 Petrum.
268 1117 322 1200 lep.
352 1116 449 1181 til,al.
475 1115 533 1187 85).
561 1115 649 1170 Verba
674 1113 733 1184 ipsa
759 1113 916 1183 proferam:
968 1057 1358 1182 quippectpusmfgnsioncm
1376 1107 1543 1166 Francorum
1557 1109 1667 1190 regibus
1689 1123 1767 1191 εοιιι·

119 1211 130 1242 ι
148 1189 253 1252 Ηοιιοι,
267 1186 365 1257 inquit,
378 1185 540 1257 patriciatus
555 1184 639 1240 restri
652 1199 668 1238 a
679 1182 758 1238 nobis
773 1181 919 1252 irrefraga-
967 1180 1117 1238 mendatit.
1142 1179 1341 1244 Defensionem
1367 1181 1494 1250 inquam,
1518 1195 1572 1234 non
1595 1179 1765 1234 domrntrtm:

115 1260 210 1316 biliter
221 1267 408 1324 conservatur,
420 1257 503 1311 etiam
517 1264 545 1312 et
561 1255 622 1326 plus
640 1252 757 1324 amplius
770 1252 918 1308 honorilice
962 1248 1010 1319 ius
1025 1251 1098 1307 enim
1115 1251 1188 1307 istud
1201 1260 1260 1306 erat
1274 1252 1477 1321 imperatorum,
1491 1257 1519 1307 et
1530 1250 1692 1306 tmremonia
1706 1250 1766 1321 ipsa

115 1329 285 1394 minoratam
298 1325 381 1382 simili
402 1326 481 1384 modo
494 1326 553 1397 ipse
564 1323 725 1396 patriciatus
747 1324 819 1378 heati
842 1322 918 1378 Petri
967 1336 1022 1391 qua
1032 1322 1196 1378 creabantur
1208 1323 1241 1375 ab
1253 1322 1416 1390 imperatore
1427 1321 1545 1391 patricii,
1563 1321 1590 1376 ld
1603 1320 1766 1390 patriciatus

116 1401 234 1456 fautoris
256 1398 340 1452 vestri
367 1405 422 1451 tam
448 1413 464 1452 a
482 1393 798 1451 sanctre·reconlationis
819 1393 918 1448 mmao
967 1398 1169 1461 genusamoret
1181 1392 1216 1448 ab
1227 1390 1366 1461 Stephano
1377 1391 1408 1456 ΙΙ,
1421 1392 1467 1461 qai
1482 1392 1587 1462 primns
1599 1390 1720 1454 omniurn
1732 1407 1766 1447 so

115 1469 235 1541 lippioo
247 1484 346 1538 magno
369 1482 432 1537 rege
449 1466 573 1538 genitore
594 1465 726 1520 nostruin
749 1463 860 1533 scriptis
889 1462 937 1520 in'
965 1463 1077 1518 nomiae
1097 1462 1217 1533 insigues
1235 1462 1301 1518 iecit
1314 1477 1393 1532 reges
1409 1461 1539 1516 Francos.
1555 1460 1612 1515 Nec
1625 1460 1704 1531 lange
1720 1477 1768 1532 ps-

118 1541 123 1549 '
242 1552 397 1601 censemus,
424 1546 481 1592 eta
499 1535 704 1605 robisantplius
729 1535 915 1597 eorrtlrmatas,
967 1532 1050 1587 tenda
1067 1535 1162 1588 eadem
1183 1539 1238 1598 est,
1255 1547 1374 1600 namque
1390 1532 1497 1602 exipss
1516 1531 1616 1586 Cottiae
1640 1530 1767 1586 Carolirm

114 1607 173 1664 irre
186 1625 252 1678 ruga
264 1608 300 1664 ili
325 1606 388 1675 jare
402 1615 571 1676 permaneat.
587 1626 598 1657 ι
614 1605 749 1672 Quidnam
772 1619 916 1673 eompara-
968 1603 1023 1674 (ep.
1040 1604 1087 1669 at,
1103 1604 1139 1657 al.
1155 1601 1202 1673 88)
1215 1619 1270 1658 aon
1282 1603 1428 1658 obscurum
1446 1602 1599 1672 eucarpium
1612 1602 1767 1672 sgppedita·

115 1681 191 1735 hone
207 1680 262 1734 ista
274 1677 434 1751 patriciatus
447 1677 585 1734 Adrianus
606 1676 682 1739 relit,
707 1689 756 1745 per
777 1689 807 1730 se
829 1683 913 1743 patet.
930 1682 1023 1756 ntur,
1050 1674 1128 1730 ducis
1150 1673 1279 1728 nimirum
1302 1673 1482 1728 muer-urrant
1503 1671 1643 1736 Ariclrisii,
1666 1672 1713 1741 qui
1731 1672 1768 1727 ab

113 1747 217 1806 Petrus
228 1749 302 1804 enim
318 1748 346 1801 itt
362 1747 440 1802 coelis
451 1747 577 1803 habitans
589 1745 696 1801 nonnisi
709 1752 849 1815 protector
868 1754 916 1798 aut
968 1744 1134 1813 imperatore
1153 1759 1214 1798 eam
1237 1744 1394 1813 dignitatern
1411 1744 1509 1798 arebat
1522 1743 1642 1811 assequi,
1658 1742 1770 1799 tametsi

114 1820 249 1875 defensor
259 1818 301 1873 sui
312 1818 480 1873 successoria
494 1817 522 1873 iu
547 1815 784 1872 administratione
809 1813 919 1884 protin-
967 1821 1057 1869 nrorte
1073 1821 1227 1885 praetentas
1240 1829 1316 1884 spent
1328 1812 1451 1870 fallacem
1467 1813 1575 1883 reliquit
1589 1812 1702 1869 Ctmeis.
1716 1813 1770 1869 lm-

114 1892 224 1944 ciarum
238 1897 420 1958 essepoterat.
433 1884 581 1958 Talemque
591 1884 676 1942 faisse
686 1885 814 1942 &roiam
826 1884 918 1939 ltomm
967 1893 1078 1954 perator
1093 1885 1185 1954 itaque
1203 1902 1213 1933 t
1230 1883 1321 1938 cntisit
1334 1884 1370 1937 illi
1390 1884 1473 1955 296
1486 1899 1550 1940 suos
1564 1882 1675 1954 icgmos,
1691 1884 1768 1939 scili-

114 1970 142 2014 et
162 1960 278 2015 ducatos
305 1962 437 2014 immensa
448 1958 569 2024 vtestium
586 1956 823 2026 integerrimorum
846 1954 917 2018 serie
967 1963 1011 2009 cet
1023 1955 1177 2024 spatharios
1191 1953 1260 2009 daos
1271 1954 1298 2008 itt
1318 1954 1448 2009 ditionem
1464 1953 1609 2009 Sicilianm!
1621 1953 1767 2024 patriciana

112 2029 290 2100 comprobari
382 2039 407 2095 t;
422 2028 490 2083 satis
506 2035 690 2082 tamenerunt
705 2023 841 2095 rittoaputi
864 2024 918 2078 litt·
967 2039 1030 2079 eam
1058 2025 1287 2088 cotrstitnettdoar,
1311 2022 1430 2080 ferentes
1458 2039 1549 2078 secum
1577 2032 1668 2079 vestes
1697 2040 1766 2080 anre

113 2103 245 2171 congium
256 2101 284 2154 iu
298 2044 437 2156 giosgseario
448 2097 494 2169 (V.
510 2095 667 2168 Potriciru).
681 2096 709 2151 ln
725 2093 873 2164 Capitulari
889 2094 914 2158 l,
967 2103 1068 2158 textas,
1079 2095 1162 2154 simul
1179 2102 1208 2148 et
1219 2096 1354 2165 spatham,
1368 2094 1410 2148 tel
1426 2094 1573 2164 pectinem,
1591 2102 1619 2149 et
1635 2093 1763 2165 forcipes,

113 2185 162 2225 en.
185 2170 250 2234 tat,
275 2179 303 2224 et
327 2167 490 2240 aquisgran.
503 2183 548 2221 an.
565 2165 626 2230 789,
654 2165 768 2222 Carolus
793 2165 915 2220 dicitnr:
967 2164 1039 2220 sicat
1054 2165 1092 2219 iili
1106 2163 1252 2234 praedictus
1269 2164 1413 2220 hriebistts
1428 2164 1503 2219 intlai
1522 2173 1550 2220 et
1568 2164 1674 2220 tonderi
1685 2165 1765 2234 polli-

114 2259 127 2292 ι
147 2240 206 2295 tux
219 2239 350 2309 regnique
365 2238 639 2302 franeorumrector,
655 2244 682 2292 et
693 2236 917 2291 derotussanctm
966 2235 1038 2291 citus
1052 2235 1151 2291 fuerat.
1168 2255 1178 2288 t
1193 2235 1233 2290 Du
1242 2236 1294 2289 ltoc
1308 2236 1439 2305 dignitate
1453 2232 1567 2304 ejusque
1580 2234 1670 2289 intlole
1680 2234 1768 2304 piari-

114 2308 247 2367 Ecclesiae
255 2309 390 2371 defensor,
399 2319 481 2378 atque
491 2307 599 2377 adjutor·
610 2308 635 2361 in
646 2307 772 2361 omnihus
787 2306 916 2376 apostoli·
967 2320 1011 2360 ara
1026 2305 1165 2388 eotrgcssit
1185 2305 1339 2377 Ducatrgius
1359 2305 1387 2360 in
1405 2304 1545 2362 Glossario
1563 2320 1624 2375 qnae
1649 2307 1684 2359 atl
1707 2321 1765 2360 reor

113 2382 274 2436 essedis»
288 2380 365 2449 lingo
376 2377 738 2445 flarltriacenianronp.
753 2375 841 2431 aasz«
856 2376 916 2430 lien
965 2390 1021 2430 noa
1039 2373 1158 2441 factunt;
1174 2375 1291 2446 piurima
1312 2376 1395 2431 etiam
1405 2376 1506 2446 Pagina
1527 2374 1584 2447 (aa.
1613 2374 1676 2440 tta,
1699 2391 1727 2430 ιι.
1746 2376 1766 2431 d

113 2452 218 2507 debere
230 2464 322 2520 regern
333 2449 505 2520 inperatoris
524 2448 619 2513 lilium,
631 2447 677 2515 qui
689 2460 742 2500 non
758 2446 817 2501 sine
833 2462 915 2501 causa
965 2445 1067 2516 seqq),
1077 2445 1151 2501 Petri
1165 2446 1316 2516 pensentur
1326 2447 1360 2501 de
1373 2445 1462 2500 llarca
1479 2447 1622 2516 opiniones
1634 2448 1767 2515 adoptans

112 2521 237 2591 gladium
249 2527 381 2589 peruret,
398 2521 444 2588 qui
462 2518 591 2573 Romanae
606 2516 827 2586 reippatrieirrs,
842 2525 916 2572 ttrtor
965 2531 1048 2584 super
1071 2518 1217 2587 patriciatu
1242 2518 1370 2572 llomanm
1394 2515 1532 2572 Ecclesia.
1558 2517 1596 2571 Ea
1622 2530 1685 2572 tero
1698 2516 1767 2571 nibil

113 2600 142 2644 et
155 2591 288 2646 defensum
299 2605 360 2644 esse
373 2591 493 2652 deberet,
515 2597 618 2643 tantam
642 2590 697 2670 pati
723 2587 851 2642 Ecclesiae
866 2586 914 2642 Dei
966 2601 1069 2650 aroror,
1080 2589 1144 2656 quia
1156 2587 1222 2642 falsa
1231 2586 1416 2642 admiscentur
1426 2588 1507 2652 teris,
1518 2595 1544 2644 et
1553 2601 1617 2656 qttm
1626 2602 1689 2641 tera
1700 2596 1766 2644 strat

112 2660 380 2716 conculcationem.»
394 2660 497 2715 idcirco
513 2656 631 2729 pontifex
641 2674 667 2712 ra
680 2656 915 2727 laudataepistola
964 2669 1172 2729 exaggerantur.
1189 2658 1222 2711 m
1242 2672 1307 2713 sane
1322 2657 1348 2710 in
1368 2657 1488 2726 antiquis
1503 2657 1668 2712 Francorum
1680 2671 1767 2714 carna·

112 2733 244 2786 eumdem
259 2732 388 2785 bonorem
405 2731 490 2799 exigit
511 2728 638 2784 aCaroio
653 2743 718 2799 erga
739 2728 914 2796 patriciatum
965 2728 1037 2784 libus
1050 2730 1085 2784 ab
1096 2743 1169 2783 anno
1183 2727 1231 2784 itt
1252 2728 1286 2782 ad
1305 2726 1357 2782 tha
1369 2728 1417 2796 qui
1438 2728 1507 2782 tanti
1525 2743 1531 2758 ¹
1567 2727 1704 2781 rrlornnes
1717 2728 1767 2782 ba·

113 2802 168 2855 diti
181 2801 332 2868 Patrique
343 2800 496 2870 ipseCaroli
506 2798 679 2870 patriciatum
687 2799 912 2868 prosequentum.
965 2798 1063 2853 ireatrtr
1087 2799 1191 2871 (Canis.
1206 2806 1273 2852 tent.
1289 2796 1319 2860 ll,
1342 2806 1416 2867 part.
1439 2813 1470 2862 rr,
1487 2814 1515 2870 p.
1524 2743 1594 2867 Ἧι),
1618 2811 1691 2852 antro
1702 2797 1764 2865 tlt,

114 2871 221 2926 bande
231 2871 321 2942 pergit
334 2871 466 2926 dicerezt
494 2872 563 2938 Quia
589 2868 660 2923 sicot
678 2884 728 2924 nos
745 2883 854 2937 semper
869 2882 916 2923 te·
965 2868 1024 2924 ltmc
1035 2866 1212 2926 referuntur:
1228 2885 1238 2919 ι
1262 2867 1442 2938 Supradictos
1464 2868 1631 2939 apostolicus
1650 2866 1767 2938 Stepha-

113 2952 189 2997 stros
199 2942 326 2996 homiues
339 2941 518 3010 suscipientes
531 2954 747 3001 commonemus,
762 2948 792 2993 at
811 2942 839 2994 in
849 2951 914 2994 tera
965 2954 1018 2994 uus
1030 2938 1201 2994 conllmtatit
1211 2937 1355 3009 Pippiuum
1382 2939 1512 2994 unitione
1523 2947 1617 2996 sancta
1631 2937 1659 2992 itt
1673 2952 1764 3010 regem

113 3011 167 3066 hle
186 3022 272 3082 atque
287 3011 404 3082 puritate
417 3012 508 3068 cordis
526 3010 695 3065 totiseorum
710 3009 814 3066 ritibus
826 3009 914 3064 inre·
966 3009 1040 3079 (narn
1065 3024 1110 3063 aa.
1137 3008 1189 3064 tto
1202 3025 1218 3063 a
1233 3007 1372 3063 bonifacio
1389 3018 1488 3065 unctus
1509 3009 1580 3079 crat)
1603 3017 1712 3064 etcum
1731 3025 1767 3065 eo

112 3091 173 3136 stro
190 3092 321 3137 nrarreant
345 3082 467 3146 sortitio,
487 3083 529 3136 ita·
542 3089 570 3136 et
590 3095 639 3135 ros
652 3078 734 3135 sittrili
747 3080 828 3135 modo
853 3078 914 3148 qrti-
928 3055 952 3115 C
966 3078 1108 3147 coniunxit
1120 3080 1188 3135 duos
1200 3078 1270 3137 lilios
1285 3079 1425 3134 dominum
1439 3080 1566 3136 Carolutn
1579 3078 1766 3135 creat-truan-

111 3167 226 3221 conqne
238 3167 272 3205 ex
296 3151 397 3206 nostris
411 3153 565 3206 bominibus
575 3151 610 3206 ad
624 3151 816 3216 rosvenerint,
831 3168 843 3204 t
858 3156 913 3206 etc
966 3165 1031 3204 uum
1044 3150 1072 3205 itt
1085 3164 1174 3221 reges.
1189 3169 1200 3203 r
1221 3147 1337 3205 Perinde
1347 3149 1496 3206 Fuldenses
1508 3166 1552 3205 an.
1569 3148 1661 3205 aasz«
1678 3148 1767 3206 llotto·

11 3272 12 3277 ,
113 3221 185 3278 itam
213 3237 347 3286 sumniam
371 3223 494 3278 eamdem
518 3223 610 3286 iidem,
641 3236 674 3276 ac
698 3220 916 3277 benevolentiam
966 3220 1185 3291 riliceexceptus
1203 3220 1274 3292 apud
1288 3219 1419 3285 Parisios,
1438 3221 1589 3277 dooslilios
1607 3218 1667 3288 eius
1689 3220 1768 3276 Carl-

11 3299 13 3302 '
110 3309 178 3363 erga
193 3291 381 3361 apostolorum
404 3292 490 3362 princi
527 3308 553 3346 nr
573 3299 731 3346 turorcmet
746 3290 916 3348 defensorem
965 3305 1095 3346 mannum
1112 3302 1141 3346 et
1161 3290 1269 3347 Cariam
1294 3291 1372 3345 unxit
1392 3291 1420 3345 iu
1439 3307 1527 3362 reges.
1545 3313 1555 3344 ι
1572 3290 1641 3346 Cum
1668 3290 1765 3348 iisdem

112 3361 488 3432 tbnauotrisPippiniauroea
527 3377 560 3418 eo
574 3362 917 3417 carminareserrandant
966 3376 1018 3418 coa
1038 3362 1144 3417 ruentia
1161 3363 1233 3445 apud
1245 3360 1419 3416 Anastasiam
1433 3361 1560 3433 leguntur
1577 3361 1659 3432 (sect.
1676 3361 1765 3430 illie

109 3446 175 3488 esse
191 3432 231 3486 ait
245 3432 535 3503 acarolmquarnipse
546 3430 644 3489 Carolo
658 3433 916 3488 serrabattutoriac
969 3447 979 3481 t
1039 3432 1246 3488 ristianisstmus
1267 3431 1396 3502 Pippinns
1420 3433 1457 3488 ab
1475 3434 1571 3488 eodem
1591 3433 1765 3488 sanctissimo

111 3499 257 3558 defensori
267 3503 420 3571 apostolice
432 3505 514 3568 sedis,
526 3512 558 3577 ut
568 3502 711 3573 perspicue
722 3502 821 3557 Paulus
833 3502 843 3557 l
854 3516 915 3558 eura
966 3515 1036 3572 papa
1050 3503 1153 3558 Christi
1164 3504 1251 3574 gratia
1263 3516 1325 3557 enat
1337 3502 1441 3558 dnobus
1453 3502 1517 3559 ftliis
1531 3504 1588 3559 suis
1599 3517 1677 3574 reges
1687 3504 1763 3559 uncti

111 3572 260 3642 appellat:
279 3590 288 3621 t
306 3573 434 3629 Ecclesiae
455 3581 572 3629 tutorem
593 3593 603 3626 r
631 3583 685 3642 (ep
703 3573 753 3637 Ξῖ,
767 3573 803 3626 al.
818 3571 864 3642 at)
888 3580 917 3627 ct
966 3580 1030 3627 suat
1045 3571 1222 3629 Francorum.
1240 3593 1249 3625 r
1267 3570 1332 3627 Post
1349 3571 1502 3641 hujusmodi
1517 3574 1665 3630 solemnem
1687 3573 1765 3628 inau-

111 3644 179 3698 tttibi
197 3641 301 3711 passim
315 3653 496 3713 protectorem
523 3659 556 3699 ac
569 3642 739 3698 defensorem
764 3643 916 3712 nuncupari
985 3643 1139 3699 arationem
1156 3645 1234 3699 testis
1247 3653 1290 3699 est
1311 3643 1357 3698 bic
1379 3645 1469 3700 Codex
1491 3644 1642 3709 Catulinus,
1658 3659 1764 3701 necnon

111 3711 228 3770 ostendi
243 3713 488 3770 innotisadbasce
501 3714 638 3784 epistolas.
965 3658 1079 3767 {durni
1121 3723 1242 3770 estororn
1267 3713 1382 3782 scriptor
1400 3716 1471 3784 apud
1492 3714 1667 3771 anastasium
1683 3721 1763 3787 (met.

148 3781 200 3837 tx.
216 3781 293 3848 Quod
314 3785 337 3838 si
362 3782 433 3838 forte
455 3784 603 3853 aliquando
629 3781 744 3838 Carolus
767 3783 917 3852 quidquam
966 3781 1030 3847 iii,
1051 3730 1121 3854 naui
1138 3799 1215 3854 reges
1235 3784 1297 3838 illos
1319 3798 1379 3839 esse
1398 3785 1548 3854 appellatos
1574 3785 1712 3854 patricias.
1735 3787 1765 3841 hl

108 3851 183 3920 juris
198 3853 250 3907 sibi
263 3869 391 3924 arrogare
409 3858 523 3909 tentarit
524 3855 631 3993 &sni
641 3853 797 3924 patriciatus
808 3854 914 3918 honore,
967 3868 1031 3907 tero
1047 3854 1166 3908 nominis
1183 3870 1230 3908 seu
1249 3853 1390 3923 dignitatis
1402 3864 1450 3908 aut
1466 3869 1499 3909 ex
1521 3864 1692 3910 sacramento
1714 3871 1765 3926 per

112 3926 353 3993 utsuggestumei
371 3923 460 3979 fuerat
477 3924 511 3979 nh
579 3923 784 3994 5adt'ersariis
808 3931 918 3993 aposto·
966 3924 1076 3978 eosdem
1090 3938 1167 3994 reges
1177 3923 1279 3978 emisso
1290 3924 1352 3977 dum
1364 3924 1763 3994 inungebanrarselionranaru

111 3992 173 4048 lime
189 3993 276 4054 sedis,
300 3996 421 4062 pontifex
436 3995 556 4050 sortiter
566 3994 678 4058 restitit,
691 4009 810 4063 sausque
824 3993 918 4048 termi-
967 3993 1120 4049 Ecclesiam
1133 3993 1302 4057 defensuros,
1320 4002 1368 4048 aut
1389 4009 1423 4048 ex
1438 4005 1518 4063 paeto
1539 3994 1607 4049 inito
1621 4010 1682 4049 cttrtt
1695 4009 1764 4065 pott-

109 4080 163 4118 ans
177 4063 355 4133 patriciatum
378 4067 510 4120 excedere
535 4079 588 4119 non
601 4064 734 4134 permisit.
751 4063 799 4120 ltei
822 4077 916 4118 exem·
967 4065 1040 4119 tilice
1049 4071 1113 4118 ante
1124 4065 1278 4120 anennoeto
1288 4065 1451 4134 provenerit,
1464 4065 1595 4133 patricios
1603 4080 1653 4120 eos
1663 4066 1764 4121 hortas,-

110 4134 190 4202 plntu
207 4135 324 4202 suppetit
335 4151 366 4190 ex
379 4135 593 4190 iisdemhdrianl
605 4133 727 4204 epistolis
739 4135 800 4205 (95,
813 4133 849 4187 ai
859 4134 915 4204 ll).
967 4150 1064 4190 norum
1077 4134 1177 4190 exinde
1187 4134 1272 4190 fuisse
1283 4135 1387 4190 trallunt
1406 4135 1533 4201 dabiram
1546 4135 1660 4191 solemni
1671 4146 1762 4191 autent

110 4204 323 4274 §aggerebatur
343 4205 441 4260 Catulo
459 4205 593 4260 llatennae
607 4203 839 4276 arehiepiscopum
853 4203 916 4273 eligi
966 4205 1128 4260 ceremonia
1150 4214 1258 4260 creatos
1277 4221 1410 4275 nusquam
1434 4205 1576 4276 reperitur.
1596 4206 1634 4261 lla
1653 4222 1702 4277 pro
1722 4216 1764 4262 ter

110 4276 217 4328 seberc
229 4289 323 4328 curata
337 4276 421 4330 misso
434 4276 518 4330 tertio.
532 4274 617 4344 Negat
629 4273 767 4344 pontifex,
782 4275 856 4330 etad
869 4289 917 4342 pa·
967 4276 1013 4345 qui
1027 4273 1158 4345 eiusmodi
1169 4276 1324 4346 patriciatui
1339 4276 1411 4331 aliud
1424 4277 1557 4340 tribuunt,
1578 4286 1679 4347 praeter
1747 4307 1761 4318 ·

110 4345 248 4398 tristatus
261 4344 389 4400 bonorem
403 4318 479 4415 quoti
494 4345 601 4408 nannet,
620 4362 629 4393 ι
648 4344 847 4407 bellushomo,
874 4347 915 4397 in-
968 4361 1055 4400 mame
1068 4344 1197 4401 Ecclesiae
1215 4345 1410 4410 defensionem,
1431 4362 1529 4429 magno
1548 4347 1577 4401 in
1596 4361 1689 4403 errore
1702 4362 1764 4401 rer·

109 4415 184 4482 quit.
207 4428 274 4468 esse
293 4415 399 4470 titlctrrr
419 4417 445 4471 in
468 4416 579 4479 mundo,
603 4415 650 4485 qni
673 4414 733 4483 plus
754 4424 915 4486 prorestrae
933 4403 1072 4471 Dsantur.
1102 4416 1137 4470 Et
1161 4415 1208 4486 qai
1233 4417 1383 4472 llamaauat
1410 4419 1566 4488 pottttfrecm
1595 4433 1649 4474 nan
1670 4417 1762 4472 rident

110 4484 218 4554 regalis
235 4483 404 4539 excellentie
430 4487 571 4541 decertat-e
594 4485 723 4541 moliatur
748 4484 914 4540 exaltatione
965 4485 1116 4556 principem
1138 4494 1241 4542 saneim
1266 4487 1333 4558 reip.
1354 4487 1433 4556 cuius
1457 4486 1643 4543 defensionem
1666 4498 1762 4544 contra

110 4569 198 4623 quam
217 4561 311 4608 nostra
323 4555 471 4625 apostolica
487 4556 596 4610 assidua
611 4556 780 4626 deprecatum
801 4561 915 4611 etsiettt
965 4555 1088 4612 Gremio
1111 4556 1278 4626 impietatem
1298 4568 1327 4611 et
1351 4558 1591 4629 Langobardorum
1607 4559 1762 4614 intasiones

111 4625 139 4677 in
154 4635 217 4679 nost
223 4623 264 4677 ris
274 4626 431 4693 precordiis
444 4626 546 4681 nisibus
561 4626 626 4681 toris
642 4625 740 4696 ubique
763 4642 844 4696 super
856 4641 914 4679 om-
965 4626 1112 4681 committit
1126 4625 1146 4679 F
1148 4627 1248 4683 rarrciae
1261 4627 1381 4697 regibus,
1400 4630 1540 4698 corporeis
1551 4628 1638 4684 oculis
1650 4630 1760 4684 arentis·

110 4709 163 4748 aes
177 4710 227 4749 ros
245 4696 438 4750 honorationis
452 4706 480 4752 et
501 4697 675 4761 btrnoratnus,
689 4696 726 4751 ita
750 4698 866 4767 amplius
881 4710 915 4752 ac
965 4711 1019 4766 que
1028 4696 1086 4751 acie
1097 4697 1168 4767 capti
1180 4711 1242 4753 esse
1255 4700 1389 4753 vitientur.

109 4764 234 4834 anrplins
254 4764 383 4820 bonorem
405 4769 480 4838 regni
499 4768 581 4823 vestri
603 4767 759 4837 praecellere
777 4767 913 4831 omnihus,
1002 4766 1047 4821 xl.
1061 4765 1117 4822 Nec
1135 4767 1319 4825 llomasolam
1337 4784 1398 4823 cam
1415 4770 1588 4835 snodrrcattt,
1615 4769 1662 4825 sed
1680 4782 1761 4823 exar-

108 4835 159 4903 qui
177 4835 206 4889 in
217 4837 548 4893 manduesscnoscnotur
560 4852 567 4891 ε
580 4847 766 4893 ιἐιιιιιιιιιιιειι
777 4846 805 4893 ει
817 4837 915 4908 deipsa
966 4837 1156 4893 chatusetianr
1167 4848 1195 4892 ct
1210 4837 1396 4910 Pentapolisa
1417 4838 1520 4896 Grecis
1544 4840 1635 4912 impiis
1656 4837 1763 4894 delem-

109 4905 318 4968 betrerolcntia,
333 4921 415 4976 quarn
428 4908 456 4963 in
470 4918 589 4962 restrum
621 4909 724 4964 erimus
742 4908 849 4963 culmen
868 4914 916 4962 tro-
967 4916 1039 4971 rant,
1061 4908 1285 4979 adheserantquc
1303 4908 1435 4979 pontiflci,
1454 4918 1484 4964 ut
1502 4913 1603 4966 dicaam
1623 4918 1666 4964 est
1680 4908 1757 4964 alibi:

106 4975 201 5038 noris,
215 4976 246 5029 irt
260 4975 386 5032 universo
401 4977 518 5033 innotuit
531 4993 595 5032 matt
633 4979 723 5041 ,sicut
737 4993 835 5048 nempe
857 4992 916 5033 om·
967 4986 1086 5032 attamcn
1099 4977 1209 5034 ditionis
1219 4979 1367 5048 pontificiae
1384 4979 1762 5051 partetnecprorinc'aenon

106 5047 198 5100 nibus
209 5053 307 5114 patet3
323 5047 386 5116 quia
396 5048 440 5102 ilie
455 5056 592 5118 noctuque
605 5048 631 5103 itr
646 5048 816 5104 confessione
829 5045 918 5103 fanto·
967 5046 1099 5113 focerunt,
1116 5048 1167 5102 nisi
1185 5057 1246 5118 post
1268 5048 1374 5121 Pippiui
1397 5050 1654 5120 donationemque
1675 5048 1764 5105 incre·

106 5118 147 5169 ris
177 5116 263 5170 vestri
289 5116 360 5171 beati
385 5116 458 5173 Petri
488 5135 541 5173 nort
571 5119 777 5174 intermittimus
804 5119 917 5173 fondere
967 5117 1052 5173 menti
1069 5118 1224 5189 apostoliam
1241 5120 1353 5176 ditionis
1370 5121 1475 5175 initiunt
1492 5121 1552 5176 fuit.
1570 5121 1609 5175 Ea
1633 5135 1699 5176 rere
1715 5120 1764 5174 do-

103 5201 223 5254 ρει-εει,
243 5185 430 5256 ›liujusntuli
445 5187 536 5244 aliaet
549 5189 576 5243 in
589 5189 819 5258 predecessorum
838 5197 865 5242 et
888 5189 916 5242 iu
967 5188 1051 5251 natio,
1071 5198 1101 5243 ut
1117 5204 1152 5244 ex
1168 5189 1268 5246 litteris
1288 5189 1517 5261 praedecessorum
1529 5191 1643 5246 Adriani
1668 5189 1763 5244 didici·

104 5256 232 5311 hamam
253 5257 376 5327 epistolis
390 5259 474 5313 multa
490 5260 675 5315 inveniuntur.
691 5258 782 5324 Quare
806 5259 918 5314 evidens
967 5272 1039 5324 mas,
1057 5258 1147 5328 aliqua
1167 5274 1201 5315 et
1220 5270 1299 5329 parte
1324 5268 1371 5315 aot
1386 5261 1524 5317 invasione
1545 5271 1591 5315 aot
1608 5259 1763 5316 detentione

107 5335 153 5381 eet
169 5327 361 5397 patriciatum.
384 5343 465 5396 queat
485 5328 549 5384 alilri
571 5329 663 5383 ridere
688 5339 730 5384 est
753 5328 917 5399 appellatum
967 5328 1208 5401 Langobardorum
1227 5331 1341 5394 minata,
1355 5331 1384 5385 itt
1406 5341 1507 5388 sanctae
1524 5331 1596 5387 sedis
1614 5328 1764 5401 posscssio-

106 5410 231 5451 κειται»
245 5398 355 5467 regulata
372 5401 509 5453 tuitionem
527 5399 581 5469 (ep.
596 5400 641 5465 85,
661 5398 696 5452 al.
713 5399 770 5470 et),
794 5401 820 5453 in
832 5415 866 5455 eo
882 5400 918 5454 si-
968 5414 1031 5453 nem
1047 5400 1178 5469 integrata
1191 5414 1277 5469 usque
1290 5400 1372 5471 297
1389 5402 1424 5456 ad
1436 5417 1538 5457 annum
1560 5400 1613 5454 tit
1627 5415 1679 5454 non
1701 5412 1764 5468 per·

108 5477 172 5520 turn
192 5464 290 5532 fuisse,
305 5476 333 5523 ut
346 5477 440 5524 sarrsta
458 5470 538 5525 sedes
552 5468 742 5525 deferttleretur
752 5485 800 5539 spe
812 5470 918 5540 praemii
968 5468 1052 5534 teuit,
1066 5484 1129 5523 cunt
1138 5467 1226 5526 Caroli
1238 5470 1311 5540 regis
1321 5473 1422 5527 virtute
1432 5471 1554 5529 subactis
1566 5468 1761 5550 langobardis.

11 5579 13 5604 ,
108 5536 245 5592 emostis
272 5538 353 5608 (qnod
382 5538 467 5593 nostri
493 5539 544 5594 eti
568 5539 682 5595 eruditis
708 5540 811 5609 aliqum
840 5549 918 5595 extra
967 5553 1033 5609 rega
1057 5552 1152 5593 eorum
1179 5539 1321 5596 Desiderio
1341 5548 1431 5610 capto,
1457 5541 1566 5610 filioque
1592 5540 1673 5610 batus
1688 5537 1764 5595 ltalia

11 5626 12 5681 ι
106 5605 227 5662 ltaliam
245 5614 352 5663 terreum
366 5609 534 5678 sapientibus
548 5612 684 5665 modicum
703 5609 819 5681 ridetur)
835 5619 863 5665 et
885 5611 918 5668 dc
968 5610 1326 5680 putso‚rerampotitisunt
1341 5610 1449 5665 Franci.
1466 5611 1630 5693 liginltarttts
1644 5610 1764 5673 dcsxita

11 5704 12 5715 ι
107 5676 285 5733 anaemaris
297 5679 418 5735 uictoriae
431 5679 459 5734 in
472 5679 525 5734 ltoc
537 5680 639 5735 mondo
651 5682 799 5751 persancti
811 5689 919 5745 aposto
969 5680 1033 5736 belli
1055 5678 1152 5747 italici,
1166 5680 1240 5750 quod
1256 5680 1369 5738 Carolus
1392 5680 1505 5737 Adriani
1524 5681 1651 5749 precibus
1672 5694 1761 5739 susae

322 5770 449 5832 Parent..
488 5770 625 5835 xcviii.
1503 5776 1523 5835 9
1735 5797 1739 5803 ’
