4050 6192
110 1017 114 1022 ·
203 1003 370 1059 notariorum
384 1011 561 1074 congregatos
573 1011 664 1071 patres
683 1004 722 1057 sie
735 1002 881 1071 alloquitur
895 1020 901 1055 :
916 1019 926 1052 r
940 1001 991 1056 As-
1043 1001 1124 1056 tnalis

207 327 259 384 8Ξὸ
647 332 676 386 Β.
695 332 820 388 tilttutl
840 330 946 386 ,llllle
966 330 1040 386 ut‘t‘.
1063 325 1152 385 ritis
1168 333 1190 387 l.
1213 329 1343 389 sectio.
1365 329 1404 387 lli.
1770 331 1816 394 oti

207 445 279 498 tione
292 443 368 511 imp,
386 452 416 498 ut
429 443 492 498 alibi
510 443 690 499 demonstrari
706 445 782 518 (diss.
808 446 833 508 i,
851 460 878 498 n.
902 445 949 508 25,
961 458 990 512 p.
1005 451 1029 510 Α
1043 444 1197 514 quindecim
1221 445 1419 500 ordtrrationem
1443 446 1595 514 processit,
1611 447 1708 503 diutius
1721 466 1817 522 quoque

205 515 267 583 aa),
287 522 315 566 at
329 513 387 568 sinc
403 514 511 568 insolitu
522 514 567 569 illa
580 514 722 584 principio,
739 529 835 583 magna
847 531 908 568 eura
920 516 991 569 iner-
1043 514 1218 570 differendam
1229 554 1237 579 ,
1250 516 1303 569 nisi
1317 516 1464 584 perieulum
1478 515 1544 571 Urbi
1562 516 1704 582 iraminens
1716 537 1729 573 a
1742 522 1816 577 Sara-

206 586 242 638 tia
259 580 374 637 mandato
388 599 423 639 er
438 582 562 639 formulis
583 584 743 665 posterioris
757 584 807 638 aori
835 599 843 637 ι
871 584 897 637 id
912 598 991 654 quam
1043 585 1127 650 cenis,
1140 598 1173 639 ne
1192 585 1238 655 ligi
1249 583 1398 654 jussionem
1409 585 1495 655 princi
1518 586 1539 640 is
1553 587 1694 655 coegisset,
1703 598 1729 643 ut
1744 600 1817 646 terta·

204 653 335 723 apposite,
349 663 406 709 tute
418 655 504 708 rides.
515 653 643 723 Sequitur
654 654 703 708 suh
717 654 810 708 ιιοιΙιιιι
824 663 993 708 sacramento
1043 659 1088 708 tur
1100 601 1357 710 liherffiontiilealis.
1369 653 1426 722 Qua
1463 600 1551 709 uidem
1563 656 1589 709 in
1601 655 1761 724 professione
1770 676 1818 717 noo

204 723 348 792 promissio
358 722 497 779 electionis
513 724 646 777 canonica
663 732 688 777 ct
703 723 795 792 justa.
813 721 849 777 ,lt
862 738 912 793 ego
923 723 993 792 jam·
1041 733 1083 777 est
1095 723 1206 778 dubium
1221 726 1286 794 quin
1305 741 1337 780 ea
1359 723 1414 778 Leo
1430 670 1465 781 izi
1490 723 1634 791 adiecerit,
1649 727 1742 808 quibus
1763 746 1819 788 cunr

204 793 306 863 pridem
318 794 390 848 edidi
401 792 583 862 fragmentum
595 792 703 847 concilii
726 793 916 847 Lateraneasis
926 808 992 862 qua·
1044 793 1176 848 mittentia
1190 794 1366 864 diplomatum
1379 793 1534 849 earrreniret
1547 812 1554 846 :
1570 793 1768 852 Pronnssioaem
1777 817 1820 870 pra

201 871 302 918 tuorel
357 865 478 934 tnaginta
490 863 567 917 annis
578 870 640 917 ante
652 862 837 933 pontificatum
849 861 992 943 Eugeniill
1041 867 1158 916 omniane
1170 861 1359 933 satisfactione,
1373 874 1397 918 et
1411 864 1501 935 [atara
1525 867 1730 932 conservatione,
1752 869 1821 924 aiunl

202 949 217 986 a
231 932 324 1002 Steph.
382 934 477 998 babiti,
491 934 518 988 iu
534 947 587 1002 quo
600 931 810 1001 christophorus
822 932 992 1002 primicerius
1042 929 1106 986 (lito
1119 948 1145 987 et
1157 932 1300 998 henricus,
1315 932 1420 1004 qnalern
1433 933 1535 987 donans
1548 942 1572 986 et
1584 935 1740 991 reparandas
1749 940 1821 1008 spiri·

1158 1012 1215 1056 ater
1228 1012 1315 1056 noster
1327 1001 1379 1057 Lea
1397 1013 1487 1074 sponte
1500 1002 1593 1071 fecisse
1607 1003 1773 1074 dinnoscitur.

200 1072 281 1127 sertis
298 1075 325 1129 in
343 1074 437 1129 eadem
451 1075 531 1130 domo
551 1072 708 1142 pusillitatis
722 1087 789 1127 meae
813 1072 991 1126 sacrosanctis
1079 1019 1158 1142 18}
1169 1069 1814 1135 lllllll.lientlar,nisiadditioillahiaindicatur

200 1142 300 1199 Christi
314 1151 440 1213 quattuor
463 1141 619 1213 evangeliis,
646 1150 674 1196 et
687 1141 834 1196 venerabili
852 1142 989 1206 crismate,
1041 1155 1101 1210 quae
1113 1145 1138 1194 in
1150 1140 1318 1210 professione
1330 1151 1424 1198 contra
1435 1142 1584 1197 indiculum
1593 1142 1727 1211 publicata
1737 1162 1753 1201 a
1763 1141 1824 1202 din

201 1217 344 1269 elratoria
355 1214 403 1269 lici
426 1214 574 1285 mysteriis,
595 1220 792 1268 sacramentnm
811 1221 905 1265 mutuo
922 1225 991 1279 pras
1040 1210 1227 1274 horinassau,
1242 1212 1288 1266 uhi
1299 1213 1332 1267 de
1341 1212 1467 1267 Ecclesiae
1477 1213 1558 1266 rebus
1569 1228 1622 1268 noo
1634 1213 1778 1271 alienandis
1787 1218 1825 1274 sie

200 1282 320 1349 buimus,
338 1285 410 1354 quod
425 1284 514 1339 nudus
528 1292 603 1338 extra
617 1283 698 1336 alium
713 1281 871 1336 electionem
882 1281 991 1351 pontili-
1039 1281 1160 1351 pontifex
1173 1281 1315 1351 profitetur
1327 1304 1333 1335 ι
1346 1281 1379 1335 lt't
1390 1282 1561 1336 indiminutas
1579 1298 1619 1336 res
1634 1279 1757 1339 Ecclesia
1767 1303 1825 1341 can-

199 1363 278 1408 satus
289 1356 399 1425 egisset,
412 1354 460 1409 sed
474 1367 546 1418 eum,
561 1367 641 1422 quem
658 1367 691 1406 ex
704 1367 754 1406 suo
775 1352 889 1406 consilio
901 1351 989 1405 dirlna
1039 1366 1144 1404 serrare
1162 1353 1261 1433 (troque
1278 1351 1406 1416 alienate,
1418 1365 1465 1405 seu
1480 1352 1507 1405 in
1524 1350 1644 1417 feudum,
1656 1367 1773 1419 censum,
1787 1355 1825 1410 rel

200 1425 369 1492 providentia
384 1424 523 1478 tribuisset
535 1438 569 1478 ex
582 1436 614 1476 co
667 1437 696 1474 re
710 1429 810 1476 sauctae
824 1430 923 1476 nostrae
936 1420 987 1473 Ee-
1040 1421 1257 1489 emph'tbeusrm
1277 1421 1352 1487 dare,
1376 1420 1592 1491 quomodolibet,
1612 1437 1646 1475 ex
1673 1438 1827 1495 quacunque

199 1494 299 1560 elesiae,
312 1492 628 1549 videlieetdesacerdoti
648 1507 679 1546 us
695 1500 721 1546 et
733 1490 900 1553 diaconibus,
912 1490 989 1559 justa
1040 1436 1133 1559 eausa}
1154 1500 1178 1544 et
1199 1500 1228 1544 at
1246 1487 1411 1545 indiminuto·
1431 1490 1613 1545 custodiantur
1631 1508 1733 1561 operam
1755 1493 1824 1549 dare.

200 1563 280 1633 bajus
292 1563 447 1634 apostolieae
461 1563 533 1618 sedis
552 1562 724 1616 traditionem
739 1561 817 1615 nobis
829 1559 989 1629 eligeremus
1039 1559 1168 1625 Quamvis
1185 1561 1257 1616 enim
1268 1562 1357 1630 quarti
1367 1561 1466 1615 Leonis
1483 1568 1603 1628 tenpore
1613 1561 1748 1616 hauddum
1759 1563 1826 1619 feudi

199 1635 348 1689 antistitem
365 1642 413 1688 :et
425 1632 792 1703 prmstitointernoseodeur
808 1638 987 1693 sacramento,
1039 1645 1137 1684 nomen
1161 1629 1304 1700 obtineret,
1322 1631 1516 1701 posterioribus
1535 1637 1625 1686 tamen
1642 1632 1755 1697 saeeubs,
1770 1649 1827 1689 curu

198 1719 293 1759 eoram
306 1704 469 1759 credidimus
482 1702 630 1771 sponsioni,
658 1700 822 1755 affirmantes
843 1709 871 1753 et
896 1701 947 1753 boe
960 1700 986 1752 in
1037 1698 1171 1767 professio
1183 1700 1234 1754 ista
1248 1715 1299 1755 usu
1312 1707 1418 1770 recepta
1432 1707 1503 1764 erat,
1515 1701 1629 1755 sonatio
1642 1702 1722 1756 utrius
1731 1705 1828 1759 vacula

197 1776 293 1829 eodem
307 1773 470 1829 sacramenti
483 1772 592 1832 foezlere,
609 1781 639 1826 ut
664 1772 800 1826 neminem
824 1770 986 1825 rusticorum
1004 1810 1024 1866 Β
1039 1767 1109 1824 facta
1120 1769 1217 1834 fuit,ui
1227 1769 1800 1839 rossigniileaatiusexprimet·etor.Certeo

198 1843 277 1911 huius
290 1843 417 1898 Romanae
429 1843 503 1897 urbis
511 1840 705 1908 subiacentium
717 1848 868 1896 castrorum
879 1840 906 1892 in
918 1841 987 1892 harre
1038 1840 1180 1908 portunior
1193 1841 1301 1896 occasio
1316 1841 1373 1895 irasc
1383 1839 1527 1907 adjiciendi
1539 1855 1586 1909 pro
1597 1842 1715 1895 animam
1727 1791 1830 1967 actiaca?-

198 1914 335 1969 ciritatem
361 1913 464 1982 ingredi
482 1912 709 1981 permitteremus.
730 1931 740 1962 ι
770 1910 903 1965 Nonneet
916 1908 988 1962 istud
1038 1908 1122 1963 ctione
1142 1920 1166 1964 et
1188 1910 1278 1979 [aare
1299 1910 1501 1967 aartseroutioae.
1518 1923 1548 1964 se
1564 1926 1704 1980 nunquam
1725 1914 1805 1967 obtu'

198 1987 278 2052 longe
300 1982 439 2052 atraquius
461 1990 659 2036 sacramentnm
685 1989 727 2035 est
753 1980 787 2035 de
810 1979 939 2033 canoniea
961 1986 989 2032 ct
1038 1992 1120 2047 quam
1135 1987 1196 2048 post
1204 1980 1289 2049 Sergii
1302 1979 1324 2035 il
1336 1979 1623 2049 pontificaturn‚quent
1637 1982 1831 2053 incomptoad

198 2052 268 2121 iusta
278 2052 427 2108 electionef
448 2049 552 2106 Emditi
567 2050 604 2105 ilii
618 2051 699 2120 igitur
722 2050 755 2105 de
770 2064 800 2103 re
812 2063 862 2103 usu
877 2047 933 2116 jam
947 2065 989 2102 re-
1038 2049 1147 2103 rnodunr
1157 2048 1506 2121 stylodescripturnridesis
1517 2050 1831 2123 apl'ignoiumplaast.

197 2132 274 2193 cepta
301 2122 498 2244 dipiadiantur,
524 2129 554 2175 ut
575 2120 755 2189 imperatoriae
774 2118 909 2188 majest-ati
925 2118 987 2174 nori
1038 2126 1104 2172 tom.
1114 2117 1147 2172 ill
1158 2120 1185 2173 in
1197 2120 1273 2189 Serp.
1285 2118 1328 2186 11,
1340 2135 1391 2173 aa.
1403 2118 1438 2172 ttt
1448 2119 1481 2172 ad
1491 2118 1537 2189 18)
1548 2135 1595 2173 scu
1607 2121 1700 2190 potios
1709 2137 1743 2177 en
1751 2127 1832 2176 mem·

197 2194 308 2249 iteneris
319 2207 333 2245 a
346 2192 419 2262 iquid
437 2190 564 2246 tribuisse
578 2191 729 2244 rideantur.
753 2188 830 2255 Quod
846 2204 944 2243 uotum
960 2190 986 2243 in
1037 2187 1129 2243 branis
1139 2188 1311 2244 Famesianis
1322 2187 1832 2259 diligentissimeexcerptumahcrudi·

194 2268 229 2316 'ea
242 2262 475 2319 consarcinatione
481 2261 610 2324 occurrit,
624 2271 666 2315 est
677 2274 741 2330 pars
752 2267 883 2322 ostreata,
895 2257 989 2312 rideli-
1038 2257 1097 2312 tiss.
1108 2259 1224 2329 praesule
1233 2258 1331 2313 Fratre.
1345 2258 1512 2322 Biarrchinio,
1520 2274 1569 2328 per
1578 2274 1622 2313 me
1633 2260 1699 2315 alibi
1710 2262 1739 2316 in
1750 2260 1832 2317 lucem

196 2344 241 2386 rtet
259 2349 312 2387 non
337 2329 549 2387 consecrandum
577 2330 731 2400 ponitieem
760 2329 819 2384 sinc
842 2329 986 2397 praesentia
1037 2327 1138 2382 editura
1150 2328 1197 2400 (G.
1213 2327 1291 2393 tras,
1303 2344 1334 2454 p
1345 2327 1634 2412 filippai-iecurque
1648 2340 1740 2385 autern
1755 2329 1834 2387 fuerit

197 2404 278 2457 unius
291 2402 367 2456 missi
378 2401 535 2471 imperialis,
555 2411 582 2455 et
591 2400 799 2468 promissionem
814 2395 912 2451 laetam
926 2414 987 2453 esse
1037 2395 1170 2522 professio
1182 2397 1304 2474 Leonisl
1327 2440 1334 2460 ,
1349 2415 1381 2453 ea
1393 2414 1484 2453 mosas
1496 2401 1687 2468 impertalthus
1697 2404 1835 2472 praesenti·

195 2493 208 2523 s
227 2483 286 2526 onte
295 2488 342 2541 per
354 2471 479 2541 scalmum
493 2472 526 2524 ab
540 2471 660 2541 Eugerrio
670 2469 701 2524 ll.
717 2469 782 2535 Quae
794 2469 941 2535 caeteroqui
954 2470 988 2524 ab
1057 2483 1088 2521 us
1102 2475 1165 2524 ante
1178 2469 1409 2524 consecrationem
1424 2467 1482 2523 lieri
1495 2469 1653 2539 praecipitur
1671 2470 1700 2525 in
1721 2481 1835 2541 utruque

196 2491 294 2597 ditono
313 2552 341 2595 et
354 2542 469 2596 ilenrico
487 2539 547 2594 falsi
568 2540 698 2610 arguitur,
717 2538 906 2592 substituendo
920 2539 988 2594 cirros
1038 2535 1193 2608 diplomate.
1210 2537 1307 2606 Quam,
1322 2539 1386 2607 quia
1401 2540 1555 2594 necessario
1568 2541 1674 2609 absque
1691 2541 1836 2596 missorum

199 2614 295 2666 saitem
306 2612 403 2665 missos
422 2611 584 2679 imperiales,
610 2617 638 2664 et
666 2609 871 2679 pronussionem
894 2618 988 2677 sponte
1037 2610 1181 2730 praesentia
1197 2609 1250 2664 Leo
1262 2610 1398 2678 praestitit,
1414 2618 1509 2678 sponte
1524 2607 1596 2663 illam
1611 2609 1713 2666 fecisse
1727 2612 1835 2667 dicitur

198 2683 297 2736 fartam
312 2697 326 2734 a
341 2682 430 2736 Leone
447 2680 481 2735 qv
493 2696 608 2749 sparorum
637 2688 762 2733 neutrum
777 2694 792 2732 a
807 2677 922 2731 veritate
940 2679 987 2733 ab·
1054 2693 1102 2732 ure
1120 2687 1211 2733 autem
1236 2695 1268 2734 aa
1289 2678 1387 2734 rnerito
1412 2679 1590 2747 iniquissimis
1612 2679 1650 2736 iis
1669 2682 1837 2752 temporibus

197 2754 301 2807 brit-ret.
326 2752 423 2807 Fateor
434 2751 559 2820 equidem
577 2750 649 2804 haud
670 2759 750 2819 captu
775 2748 893 2818 proclire
916 2763 985 2812 esse,
1038 2748 1225 2803 instaurantur
1241 2750 1349 2803 decreta
1362 2749 1402 2804 Eo
1421 2749 1475 2804 enii
1490 2748 1512 2803 ll
1525 2751 1559 2805 de
1575 2750 1712 2806 mnorrlea
1728 2750 1839 2820 etiusta

196 2821 386 2889 curejusmodi
398 2821 590 2894 suppositionis
604 2828 698 2874 auctor
713 2821 738 2874 in
752 2834 781 2873 re
798 2827 874 2872 certa
894 2817 988 2872 rnerrti·
1038 2818 1185 2884 electione;
1200 2826 1227 2872 et
1245 2819 1343 2873 Leonis
1357 2818 1391 2874 tv
1404 2767 1437 2874 fle
1457 2820 1666 2876 consecratione
1680 2835 1775 2876 coram
1790 2822 1839 2876 im·

195 2893 297 2948 tussit.
313 2891 424 2947 Summa
439 2890 511 2945 enim
534 2888 683 2959 disciplinae
698 2905 750 2943 una
768 2888 916 2957 eademque
933 2897 985 2942 est.
1037 2887 1184 2957 parielibus
1208 2887 1313 2959 legatis.
1334 2888 1402 2942 Nam
1420 2898 1567 2958 autequam
1586 2889 1614 2943 in
1639 2891 1769 2946 diuturna
1794 2890 1837 2946 illa

195 2962 330 3016 Proterea
343 2960 463 3015 lotharii
477 2959 616 3024 lencona,
628 2974 708 3029 quarn
722 2961 778 3013 fere
790 2956 987 3028 lehornnem
1039 2957 1182 3024 vacatione
1203 2957 1309 3028 imperii
1325 2958 1415 3014 saeeuli
1441 2959 1539 3014 decimi
1560 2959 1694 3018 Ecclesiae
1712 2960 1841 3017 Romanas

196 3032 270 3098 0tta,
282 3039 310 3085 et
322 3030 455 3085 Hearieus
467 3045 516 3084 suo
526 3030 640 3099 quisque
650 3028 789 3098 diplomati
803 3027 985 3092 inseruerunt,
1039 3026 1181 3097 disciplina
1195 3028 1283 3084 oannis
1297 3029 1527 3098 pessumdaretur,
1541 3027 1665 3086 loannes
1679 3031 1718 3086 lx
1737 3041 1840 3086 utraru-

197 3100 458 3157 umsarcina'ionem
473 3100 551 3153 istam
567 3099 675 3168 penitus
692 3098 828 3152 anraudat.
1039 3111 1091 3166 que
1106 3097 1254 3168 collapsum
1272 3099 1301 3153 in
1321 3098 1443 3154 iiomano
1465 3099 1580 3154 concilio
1603 3102 1764 3167 restituere,
1778 3101 1841 3156 tices

234 3171 314 3226 llllll.
334 3169 438 3240 Negare
451 3186 504 3224 non
524 3170 621 3232 ausim,
640 3169 674 3223 ab
698 3167 818 3237 Eugenio
839 3163 862 3221 ll
885 3157 1023 3234 aliquidC
1040 3167 1230 3238 nequidquam,
1251 3168 1331 3224 nixus
1355 3177 1413 3224 erat
1428 3168 1517 3240 (Diss.
1538 3168 1564 3233 2,
1588 3185 1619 3223 ιι.
1644 3170 1692 3236 tu,
1707 3187 1738 3295 p.
1763 3171 1842 3295 imp,

195 3242 258 3296 anri
268 3241 444 3296 oorrstitutum
458 3255 518 3295 esse
528 3253 609 3309 super
618 3237 773 3309 juramento
787 3253 803 3291 a
817 3235 891 3291 clero
903 3250 989 3305 popu·
1040 3236 1147 3307 alioque
1160 3238 1188 3291 in
1201 3238 1316 3293 coneilio
1326 3238 1462 3293 Ravennae
1475 3238 1652 3311 hahitniliar.
1669 3242 1706 3296 itti
1727 3259 1776 3305 ,n.
1793 3242 1805 3296 1
1831 3258 1840 3308 ;

200 3313 279 3381 itique
294 3313 415 3366 Romano
426 3309 581 3380 praestando
599 3309 634 3363 de
657 3308 746 3362 iuttrra
761 3305 893 3361 electione
911 3304 988 3372 juata
1039 3306 1130 3362 Labbe
1143 3318 1209 3362 tom.
1222 3306 1269 3374 lx,
1282 3323 1309 3378 p.
1325 3307 1389 3379 509)
1401 3311 1565 3378 querebatur
1577 3326 1641 3379 cap.
1656 3326 1696 3368 ru
1712 3311 1843 3368 violatum

198 3397 330 3447 aaronem
351 3388 379 3434 at
394 3381 526 3449 siquando
538 3395 554 3433 e
566 3379 619 3433 situ
633 3387 709 3433 eruta
725 3375 876 3445 hujusmodi
887 3378 989 3430 consti·
1039 3392 1099 3431 esse
1120 3377 1237 3447 diploma
1258 3378 1396 3448 imperiale
1414 3378 1537 3435 Widonis
1552 3388 1580 3433 et
1594 3380 1741 3438 Lamherti
1756 3383 1815 3454 bug
1833 3418 1842 3435 .

197 3452 266 3506 tatio
279 3458 407 3521 emerget,
422 3459 527 3505 certum
541 3450 597 3504 scio
611 3465 670 3505 eam
681 3447 792 3502 minime
805 3444 987 3500 exhibitorem
1039 3447 1194 3512 alienando,
1216 3462 1262 3503 seu
1283 3448 1310 3502 in
1328 3463 1440 3504 censum
1458 3449 1500 3502 rei
1521 3449 1728 3521 emphyteusim
1755 3399 1843 3507 darida

197 3529 397 3576 sacramentum
408 3518 708 3590 fidelitatisimperalori
717 3516 906 3598 praestandum.
920 3515 987 3569 Nam
1039 3516 1165 3572 Ecclesiae
1178 3519 1248 3572 bona
1260 3517 1342 3591 (lliss.
1359 3520 1386 3583 l,
1400 3535 1428 3574 ns
1438 3518 1500 3642 epp
1515 3522 1700 3603 quarrtobrem
1713 3523 1748 3578 ab
1760 3521 1845 3592 irripe-

196 3595 260 3646 tttto
272 3599 300 3646 et
315 3591 447 3646 ilenrious
459 3591 600 3660 perspicue
614 3590 728 3652 decerit,
743 3603 770 3640 m
784 3601 817 3641 eo
832 3593 912 3640 suum
928 3599 988 3639 esse
1038 3596 1128 3643 ratore
1148 3588 1256 3657 aliquod
1274 3587 1422 3643 remedium
1444 3605 1460 3643 a
1481 3605 1534 3644 orer
1556 3589 1743 3659 efflagitabat.
1770 3592 1845 3647 liade

195 3663 261 3717 cleri
276 3661 420 3732 populique
439 3669 649 3724 sacramentum,
663 3665 692 3712 ut
706 3657 803 3712 electio
816 3656 941 3709 canonice
963 3665 987 3708 et
1038 3665 1111 3728 patet
1124 3673 1205 3726 quarn
1218 3659 1369 3713 necessaria
1386 3667 1459 3714 essct
1470 3660 1504 3714 iis
1518 3661 1692 3729 temporibus
1708 3663 1844 3717 instaura·

197 3733 265 3797 ιἰιιιι
282 3731 345 3801 piat,
365 3739 496 3801 quaerat
509 3730 613 3786 indoles
627 3730 700 3783 iilius
717 3728 767 3782 aeri
781 3726 807 3780 in
832 3725 988 3793 capitulari·
1039 3729 1076 3781 tio
1094 3728 1240 3798 imperialis
1259 3729 1446 3792 auctoritatis,
1464 3743 1499 3783 ne
1521 3731 1623 3784 horum
1643 3731 1749 3787 similia
1772 3747 1846 3787 corrr-

196 3805 257 3867 bus,
268 3803 381 3871 aliisque
391 3801 572 3856 monumentis
584 3814 721 3869 expressa,
737 3799 809 3867 quod
820 3795 987 3851 eruditorum
1038 3797 1220 3863 mitterentur,
1233 3799 1313 3853 modo
1326 3797 1441 3869 Augusti
1455 3798 1611 3855 Germaniae
1633 3799 1768 3858 Carnium
1791 3800 1845 3856 lia-

199 3873 334 3926 neminem
353 3871 436 3926 latere
449 3873 576 3927 arbitror.
596 3870 632 3925 tn
652 3879 742 3924 autem
756 3867 846 3923 clerus
862 3873 890 3918 et
902 3879 988 3947 popu·
1038 3882 1120 3938 gnum
1135 3877 1308 3937 posterosque
1328 3868 1386 3937 ejus
1405 3867 1519 3924 fuissent
1534 3869 1655 3936 imitati,
1668 3871 1803 3936 scientes,
1817 3885 1847 3927 se

197 3944 239 3997 lus
250 3958 283 3998 eo
295 3950 466 3997 saeranreutn
476 3955 506 3995 se
521 3942 714 4010 astringerent,
725 3936 858 4007 imperiali
872 3943 987 3990 auctori·
1038 3938 1189 4008 suscepisse
1203 3936 1298 3992 Urbem
1319 3938 1444 3993 disinitas
1456 3938 1673 4010 gubernandam,
1689 3953 1715 3996 et
1732 3942 1846 3998 lfatrem

198 4023 253 4066 tate
272 4011 423 4080 injttrtetum
442 4012 493 4067 sibi
518 4026 578 4067 esse
601 4025 655 4065 non
680 4009 852 4080 ignorarent,
878 4019 988 4086 neeesse
1038 4008 1153 4061 omnium
1172 4006 1341 4062 ecclesiaram
1358 4008 1633 4078 Dridefendendam,
1658 4022 1741 4083 atque
1765 4011 1848 4066 sahli-

196 4091 265 4136 erat.
283 4082 390 4137 Utinam
404 4080 512 4137 fortuna
523 4082 618 4136 eadem
631 4095 681 4134 usa
695 4093 749 4132 non
760 4085 831 4131 esset
844 4076 988 4144 promissio
1038 4077 1173 4143 mandam,
1188 4086 1218 4131 ut
1238 4077 1328 4133 aiehat
1349 4077 1501 4133 Ludarieus
1523 4078 1543 4132 ll
1558 4079 1587 4134 in
1609 4082 1698 4151 epist.
1714 4082 1750 4138 ad
1771 4080 1846 4137 Basi-

198 4152 316 4207 aLeotte
326 4152 360 4206 iv
380 4150 556 4220 smntefaeta
573 4166 620 4221 pra
635 4149 752 4202 omniane
761 4145 949 4214 satisfactione,
963 4154 987 4198 et
1038 4145 1117 4200 burn.

201 4222 291 4289 thiara
304 4222 508 4275 commotione.
522 4217 713 4288 Easiquidem,
726 4215 779 4270 nisi
793 4215 854 4286 quis
867 4213 988 4270 velitne
1073 4215 1166 4270 xxiv.
1188 4215 1253 4282 Qun
1280 4226 1444 4287 sequuntur,
1460 4215 1517 4286 jam
1540 4216 1599 4273 dixi
1625 4219 1655 4274 in
1679 4220 1847 4291 praecedenti

198 4307 262 4345 rum
276 4301 358 4359 atque
370 4289 520 4343 inauditum
536 4290 617 4344 ritrrm
639 4288 666 4342 in
691 4286 855 4340 creationem
875 4282 987 4338 Romani
1037 4285 1226 4341 dissertatione
1238 4287 1377 4356 desumpta
1392 4303 1451 4343 esse
1461 4303 1495 4344 ex
1507 4287 1634 4345 lotharii
1647 4290 1848 4347 coristitutione

234 4362 334 4414 ntiiieis
348 4360 541 4422 introductum,
556 4356 689 4429 professio
708 4366 780 4422 erat,
793 4369 853 4425 quae
866 4353 895 4408 ia
917 4353 987 4407 libro
1037 4354 1155 4426 Eugenio
1176 4356 1197 4410 ll
1222 4358 1406 4412 consentiente
1425 4373 1496 4412 antio
1518 4356 1581 4422 881,
1609 4360 1715 4415 ordine
1741 4368 1847 4415 ιιιιιιιιιι

209 4430 299 4483 iiurnn
314 4427 389 4481 audit
406 4428 550 4481 iradicalmn
574 4427 705 4498 pontificis
730 4425 856 4497 (Gamer.
883 4437 942 4492 cap.
957 4422 984 4488 8,
1038 4440 1129 4480 rerum
1146 4427 1297 4490 immutato,
1312 4428 1454 4497 recisisque
1470 4428 1639 4497 quandoque
1654 4431 1719 4486 aliis
1741 4430 1849 4484 adhibi·

198 4510 217 4552 ι.
233 4501 340 4568 iiieta
358 4497 456 4551 monio
477 4513 492 4551 r
514 4512 547 4566 ap
566 4497 642 4551 ellari
662 4496 744 4565 cmpit
760 4494 906 4566 professio,
926 4508 985 4563 qum
1000 4505 1025 4568 ῃ
1039 4496 1083 4550 tis.
1098 4494 1186 4550 linum
1212 4496 1256 4550 bic
1277 4496 1343 4551 ruini
1367 4498 1518 4553 addendum
1534 4513 1597 4554 esse
1612 4500 1712 4568 rideo,
1734 4500 1849 4571 Pagiunr

197 4568 359 4637 sequebatur
378 4566 517 4622 decretum
534 4512 683 4631 ofertionis,
697 4566 763 4629 sire,
784 4571 814 4617 ut
838 4563 986 4643 taciusdi-
1038 4565 1163 4620 videlicet
1184 4567 1357 4635 eruditosque
1382 4567 1458 4632 alios,
1480 4568 1525 4636 qui
1548 4582 1613 4622 earn
1639 4571 1847 4632 conditionem.

199 4653 271 4701 eam,
286 4637 497 4692 oonseemtionis
507 4636 613 4690 initium
626 4644 698 4700 erat,
715 4646 867 4689 necessaria
882 4632 986 4689 scilieet
1038 4635 1111 4689 salsa
1133 4637 1161 4690 in
1178 4635 1297 4689 omnihus
1314 4646 1440 4706 potestate
1453 4647 1553 4701 trastra,
1568 4648 1642 4704 ete,
1656 4641 1694 4696 ad
1706 4640 1850 4713 superiora

200 4723 275 4763 irrora
290 4707 447 4775 interposita
466 4705 624 4771 abreviari,
640 4707 702 4759 tirrm
720 4702 888 4759 corrmcratio
901 4701 986 4758 libera
1041 4704 1122 4775 186
1138 4704 1267 4768 referunt,
1286 4706 1340 4761 ictu
1354 4707 1463 4775 ancipiti
1479 4723 1539 4776 quae
1550 4711 1723 4776 praecedunt
1742 4720 1771 4765 et
1790 4726 1851 4781 quae

198 4776 339 4833 Boarinieo
364 4785 466 4831 tantum
495 4777 539 4832 die
557 4777 591 4830 ab
617 4776 747 4831 electione
763 4771 984 4840 disjungebatur;

198 4846 331 4918 longiori,
355 4847 418 4903 dum
435 4845 537 4901 decreti
563 4846 732 4900 confirmatio
750 4842 985 4911 exspectabatura

200 4917 336 4987 principe,
365 4915 477 4986 ejusque
504 4916 653 4986 legatorum
680 4916 821 4969 adrentus.
839 4910 987 4980 litramqua

200 5002 257 5041 reru
276 4988 453 5057 temporibus,
487 4986 546 5040 ueis
559 4999 707 5047 rersanrur,
726 4988 900 5037 monumenta
913 4997 986 5036 rattr-

199 5058 323 5125 prohaat.
336 5057 447 5111 Adriani
457 5001 615 5110 effectionem
631 5070 702 5109 amm
720 5053 791 5116 tta,
819 5066 881 5106 eum
897 5050 986 5107 clems

199 5137 227 5179 et
243 5125 357 5197 populus
374 5126 451 5197 plena
471 5126 596 5180 libertate
610 5126 764 5189 ariolantur,
788 5129 817 5175 ut
829 5120 921 5176 ritbre
943 5132 986 5177 est

199 5212 243 5265 sp.
261 5197 443 5252 ilabillonium
455 5196 502 5266 (it.
515 5194 578 5249 itai.
591 5206 656 5249 tora.
670 5194 689 5253 i,
703 5208 762 5263 par.
776 5208 806 5258 ιι,
823 5207 850 5261 p.
862 5191 909 5262 38)
922 5207 986 5245 con-

201 5268 342 5335 tiuunpast
352 5267 490 5322 decretum
502 5266 646 5329 ordinatio,
660 5262 880 5318 seueonsccratio
893 5270 985 5315 secuta

200 5345 264 5389 est:
284 5336 424 5406 «Explicit
440 5335 547 5391 electio.
563 5336 622 5405 ipse
638 5336 719 5389 etiam
730 5347 790 5387 ven.
813 5331 947 5408 Adrianus
960 5332 986 5386 iu

202 5406 279 5461 initio
289 5407 467 5463 ordinationis
477 5421 532 5461 suae
545 5405 692 5461 indiculum
711 5413 792 5458 rectae
817 5402 878 5456 fidei
893 5402 987 5470 hagus-

202 5476 273 5529 taodi
285 5478 436 5547 composuit
450 5495 456 5530 z
474 5476 618 5547 lignetes
633 5475 797 5529 Econtrario
810 5470 906 5528 electio
918 5472 986 5526 Leo·

201 5545 243 5599 ais
253 5546 296 5608 tv,
310 5550 372 5615 quia
386 5546 530 5617 Sergiusll
546 5546 716 5617 privilegium
728 5542 857 5599 batinario
879 5557 988 5597 antices-

201 5623 289 5678 scrat,
310 5626 340 5672 ιιι
358 5632 432 5672 ruore
449 5616 562 5688 pristino
579 5619 717 5672 decretum
737 5613 876 5668 electionis
889 5614 987 5666 eoniir-

202 5693 469 5755 alemannorumque
495 5686 521 5740 ln
548 5699 649 5741 rnorem
670 5687 774 5754 legatos
798 5682 926 5746 tnittcret,
940 5680 986 5751 qni

202 5755 398 5810 consecrationi
415 5756 551 5823 adessent,
565 5757 668 5811 duobus
690 5754 827 5810 aiensibus
839 5752 987 5820 dieimsque

1039 4785 1189 4842 sequuntur
1207 4774 1355 4830 destruere.
1372 4774 1401 4829 Si
1414 4777 1487 4831 enim
1505 4777 1697 4846 imperatores
1712 4796 1850 4850 quascun-

1038 4858 1092 4966 3oe
1102 4857 1145 4898 res
1156 4843 1226 4913 jarris
1238 4846 1378 4915 apostolici
1390 4846 1577 4913 confirmatas,
1589 4864 1730 4920 supremo
1743 4859 1850 4906 tautum

1058 4914 1159 4968 eminio
1168 4913 1219 4969 sibi
1231 4923 1367 4972 reservato
1378 4917 1404 4970 in
1416 4916 1683 4976 ducatihusfuseire
1691 4931 1721 4976 et
1734 4921 1850 4991 Spoleti,

1039 4984 1192 5039 modiliana
1208 4984 1254 5038 ilia
1276 4985 1507 5056 complectuntur,
1531 4985 1617 5043 fallax
1638 4989 1728 5061 igitur
1751 4990 1851 5047 cottha-

1039 5054 1123 5108 matio
1145 5062 1198 5109 est.
1212 5053 1241 5109 in
1269 5054 1384 5109 llouraui
1407 5064 1498 5110 autem
1520 5058 1671 5126 pontilicis
1696 5062 1851 5125 creatione,

1038 5138 1090 5178 nee
1103 5123 1203 5179 decreti
1218 5123 1358 5180 electionis
1373 5125 1560 5190 confirmandi,
1583 5143 1640 5185 nee
1655 5131 1766 5202 legatas
1786 5132 1846 5188 ruit-

1039 5192 1122 5256 tendi,
1141 5213 1151 5243 ι
1169 5193 1213 5263 qni
1229 5194 1384 5250 violentiam
1398 5203 1425 5249 et
1438 5196 1564 5251 serandala
1582 5197 1614 5252 in
1626 5199 1691 5269 ejus
1705 5215 1853 5257 cousecra-

1039 5265 1112 5318 tione
1129 5279 1182 5318 non
1201 5265 1348 5389 pemittant
1361 5265 1430 5331 lieri,
1454 5286 1462 5317 ι
1479 5275 1509 5320 ut
1528 5267 1701 5327 decernitur
1717 5274 1746 5328 in
1761 5272 1854 5327 ιοιιιί·

1039 5334 1076 5388 lio
1090 5331 1186 5388 loanm
1215 5334 1370 5405 lipotestas
1387 5336 1440 5389 ulia
1463 5337 1691 5408 imperatoribus
1714 5351 1852 5404 remanet,

1038 5405 1085 5460 sed
1106 5406 1304 5460 consecrationi
1326 5406 1455 5461 duntaxat
1474 5407 1612 5464 interesse
1636 5412 1776 5470 ridentur
1790 5425 1852 5470 curn

1037 5474 1110 5528 dero
1122 5483 1149 5528 et
1162 5475 1270 5544 populo,
1285 5475 1417 5530 incertum
1432 5491 1485 5545 qno
1494 5475 1555 5544 jure
1570 5477 1697 5537 Romam
1711 5484 1853 5538 renerius.

1038 5543 1208 5600 Emntrarto
1219 5546 1241 5600 si
1254 5546 1373 5601 conditio
1384 5545 1427 5600 illa
1447 5545 1585 5602 referatur
1609 5551 1648 5606 ad
1670 5553 1852 5608 constitutio.

1039 5627 1100 5668 nem
1111 5614 1221 5684 Eugenii
1237 5616 1258 5670 ll
1274 5625 1301 5670 et
1316 5629 1512 5679 suceessorum,
1528 5632 1585 5687 qua
1600 5619 1748 5691 imperiali
1760 5633 1849 5680 aurio

1038 5684 1119 5738 ritate
1133 5685 1222 5740 clerus
1245 5695 1272 5741 et
1288 5686 1403 5757 populns
1415 5696 1589 5742 sacramento
1605 5693 1854 5765 astringurrturad

1038 5755 1195 5810 rarionieam
1210 5764 1235 5811 et
1254 5755 1354 5822 irtstarn
1371 5755 1542 5822 eiectionem,
1555 5767 1582 5812 et
1604 5761 1645 5816 ad
1666 5772 1854 5838 spontaneam
