4050 6192
214 324 245 382 el
680 321 713 377 B.
734 320 859 379 cancel
876 318 984 375 litem
1003 316 1079 375 OPP.
1099 316 1189 375 PARS
1207 319 1228 375 l.
1247 318 1369 377 SECi'iO
1387 317 1431 375 lll.
1821 316 1858 377 Μ

251 436 414 496 Vicesimum
426 442 532 491 sextum
545 448 605 490 cao.
618 433 652 489 de
664 433 803 490 monachis
813 442 841 487 et
856 430 1007 503 virginibus
1023 431 1183 502 desuperius
1199 445 1304 485 annexa
1317 437 1396 494 sunt,
1417 427 1445 483 io
1464 436 1613 498 quantum,
1631 428 1778 483 miserante
1792 429 1857 496 lieo,

216 535 383 601 propositum
393 542 447 581 raon
457 526 628 581 servantibus
638 524 665 579 in
675 524 746 580 libro
755 523 1009 581 decretorumbeali
1026 591 1029 597 μ
1061 522 1214 587 vulcanus,
1236 521 1307 576 inter
1321 530 1421 577 caetera
1442 534 1504 589 cap.
1523 518 1704 581 deflorantes,
1725 526 1781 575 mni
1795 537 1859 577 san·

217 626 315 696 syricii
326 639 401 695 papae
412 637 472 693 cap.
484 622 501 675 d
511 622 683 677 contaretur:
698 619 852 675 ‹Praeterea
862 618 1012 675 monacho·
1062 618 1168 665 storum
1182 610 1378 679 apostotorum,
1394 624 1476 679 quam
1493 616 1522 663 et
1539 607 1596 677 iam
1609 607 1666 680 [ld.
1684 610 1727 664 dit
1739 620 1763 665 et
1775 611 1856 681 titire

217 732 277 772 rum
292 714 433 785 quosdam,
446 710 858 782 atquemonaeharum,ab1ecto
870 711 1012 784 proposito
1062 703 1144 756 eliam
1157 700 1195 773 01]
1212 710 1240 756 et
1251 702 1392 757 beatorum
1404 700 1514 755 Petrum
1526 698 1690 765 meimet,
1704 715 1752 755 ιιι
1765 700 1860 772 etjam

218 803 382 867 sanctitatis,
395 802 425 857 in
444 808 545 857 tantam
564 801 724 871 protestaris
740 801 880 858 deniersos
895 815 956 857 esse
971 800 1013 854 la·
1063 802 1092 848 et
1111 794 1293 866 probabilium
1318 794 1539 850 beatissimorum
1560 793 1718 863 montem
1738 795 1859 861 decreta,

219 896 341 959 scirium,
361 904 391 957 nt
411 896 487 965 prius
503 893 637 959 clanculo,
657 894 700 950 vel
716 895 767 949 snb
785 893 1013 950 monasteriorum
1064 896 1095 943 ut
1107 886 1317 958 uniuscujusque
1332 886 1444 956 capituli
1456 886 1590 941 sententia
1601 887 1732 951 continet,
1746 886 1773 941 in
1785 888 1860 942 brcsi

219 986 488 1058 qrrmoemuiliicitaac
494 985 624 1056 sacrilega
631 1000 660 1041 se
668 985 1012 1056 corrtagionemiscnerint3
1064 980 1172 1050 eloquio
1184 981 1406 1051 perstringentes,
1421 979 1455 1034 ad
1467 978 1551 1034 vestri
1564 980 1725 1049 praeclatus
1737 980 1861 1035 notitiam

220 1086 313 1147 melea
327 1092 391 1132 tero
404 1077 432 1131 in
444 1077 588 1146 abruptum
604 1075 778 1131 conscientias
793 1073 1014 1145 desperationem
1065 1079 1093 1127 ct
1106 1070 1345 1141 pradicationem,
1369 1077 1450 1138 atque
1467 1069 1558 1140 popuii
1570 1069 1645 1125 robis
1664 1085 1680 1125 a
1698 1070 1753 1125 Deo
1765 1071 1863 1133 crediti

221 1168 352 1238 perducti,
368 1169 400 1224 dc
411 1168 511 1223 illicitis
521 1167 705 1237 complexibus
714 1165 797 1222 iibere
809 1165 879 1221 illios
888 1180 1017 1236 pmcrea-
1066 1163 1289 1227 edificationem,
1310 1163 1499 1219 mandarimus
1517 1164 1695 1219 ministranda
1709 1174 1864 1235 atqueper-

222 1264 291 1322 rme,
317 1258 389 1326 quod
411 1265 439 1312 et
460 1256 575 1326 publica
597 1255 678 1325 leges,
700 1264 729 1310 et
748 1255 933 1311 ecelesiastica
952 1254 1016 1324 jura
1068 1257 1349 1323 deienda;hortantes
1364 1268 1481 1314 vestram
1494 1259 1615 1313 omnium
1624 1259 1864 1328 prudentissimam

222 1346 1019 1418 condemnant:hasigiturimpudicasdetestalrilesqueper·
1068 1347 1256 1415 sanctitatem,
1278 1357 1306 1403 et
1322 1362 1468 1418 procerum
1483 1348 1670 1414 directionem,
1683 1349 1757 1403 omni
1770 1350 1866 1404 mode-

222 1452 304 1493 sonas
316 1452 332 1490 a
345 1436 571 1491 monasteriorum
584 1444 667 1500 eoelu,
684 1434 887 1504 electorumque
899 1433 1016 1506 idone,
1068 1438 1168 1493 rationi
1191 1436 1298 1510 [hmo.
1312 1448 1336 1492 et
1350 1437 1427 1504 Boc,
1445 1446 1475 1493 ut
1494 1439 1649 1494 omnimoda
1673 1439 1794 1507 ratione]
1811 1456 1865 1494 non

223 1528 466 1601 ecclesiarumque]
486 1527 664 1583 corruentibus
681 1526 859 1583 eliminandas
871 1541 932 1582 esse
943 1542 1020 1581 man-
1069 1529 1247 1595 declinantes,
1264 1530 1398 1586 adertris
1410 1538 1457 1585 aut
1471 1531 1601 1595 sinistris,
1616 1524 1749 1599 scd‘rium
1763 1532 1866 1601 regiam

224 1625 329 1684 damus,
340 1628 474 1691 quatenus
482 1627 597 1675 retrusae
606 1617 793 1689 inergastulis,
802 1617 1020 1674 tantumiacinus
1070 1619 1245 1686 incedentes,
1282 1620 1501 1677 constantissime
1533 1622 1685 1678 observetis
1719 1623 1867 1693 apostolica

225 1712 353 1770 continua
378 1710 573 1767 lamentatione
594 1710 725 1767 dedentes
744 1710 887 1782 purificato
914 1709 1022 1781 possint
1071 1711 1215 1775 mandata;
1232 1710 1332 1765 etenim
1354 1711 1426 1778 hacc,
1440 1712 1617 1768 amantissimi
1629 1713 1717 1778 nobis,
1734 1714 1867 1769 robisde·

225 1804 403 1876 paenitudinis
417 1804 479 1874 igne
492 1802 654 1872 decoquere,
675 1810 705 1857 ut
723 1802 774 1867 eis,
792 1800 835 1856 rei
851 1800 886 1856 ad
904 1808 1020 1856 mortem
1037 1777 1162 1857 Btlirnus
1175 1801 1462 1867 inmundatis‚utnec
1477 1819 1630 1860 noseorum
1643 1805 1741 1861 [leode
1756 1806 1868 1862 tacitur-

226 1894 316 1950 saitim
329 1894 413 1951 solius
428 1892 620 1949 misericordiae
633 1892 744 1956 intuitu,
761 1906 810 1962 per
822 1891 1024 1948 communionis
1071 1897 1157 1953 rdtate
1164 1895 1332 1965 indicentem
1348 1911 1398 1951 nec
1408 1911 1457 1951 ros
1467 1897 1501 1950 de
1511 1897 1632 1968 neglectu
1645 1914 1777 1954 commeo
1788 1914 1869 1969 coga-

226 1987 352 2058 gratiam,
363 1984 449 2057 possit
459 1983 625 2055 indulgentia
637 1982 781 2040 subuenire
790 1993 815 2036 ¹.
827 2000 836 2033 r
1072 1987 1138 2042 milri
1148 1987 1260 2042 reddere
1270 1987 1409 2050 rationem,
1421 1987 1491 2042 sicut
1501 1988 1630 2058 scripturn
1640 1999 1685 2045 est
1693 1989 1719 2044 in
1731 1989 1870 2045 [lominica

263 2078 319 2150 55
336 2076 500 2147 iigesintum
526 2075 671 2144 septimam
686 2089 747 2144 cap.
773 2073 806 2129 de
830 2072 873 2128 his
894 2088 955 2144 qaae
965 2088 1022 2147 non
1071 2085 1206 2148 praeopto
1220 2095 1227 2131 ε
1241 2076 1272 2134 Si
1292 2094 1344 2132 non
1364 2079 1504 2144 uenissent,
1529 2089 1553 2133 et
1571 2078 1674 2134 locutos
1689 2081 1727 2135 eis
1749 2080 1868 2150 faiano,

227 2177 331 2233 coacte,
346 2169 393 2225 scd
404 2166 542 2223 voluntate
553 2166 662 2236 propria
678 2166 842 2236 uirginitatis
856 2172 1023 2235 propositum
1071 2181 1208 2244 peccatum
1218 2170 1400 2225 condonarent
1410 2170 1501 2242 (donn.
1512 2169 1668 2241 aridaque
1680 2171 1747 2226 nitril
1756 2188 1870 2227 excursa-

228 2266 426 2330 susceperunt,
451 2258 524 2327 quod
547 2258 705 2327 delinquant
722 2272 784 2313 cunr
801 2256 1025 2326 superluceat
1075 2264 1155 2319 omnis
1166 2263 1341 2327 adulterinos,
1358 2262 1478 2318 omniun
1500 2262 1701 2318 rationabilium
1717 2263 1869 2318 carinarum

229 2350 348 2405 tiendum
372 2346 474 2402 suetidi
494 2355 676 2414 wnsecliiaei
701 2347 729 2402 ³¹1
753 2346 822 2403 lilim
848 2347 1025 2415 ficticiorum
1075 2352 1190 2409 salutem
1214 2356 1376 2423 procuretis,
1398 2351 1452 2424 56
1475 2352 1512 2408 ita
1524 2360 1664 2408 currentes
1681 2352 1708 2406 io
1730 2367 1826 2423 agone,
1839 2361 1871 2408 nt

230 2441 302 2499 Ιιθιῑῑ
325 2441 424 2497 Leonis
443 2438 844 2513 iivoesssil·28[11⁰mb·r27]
859 2439 1024 2495 metiemur·
1076 2462 1129 2502 non
1146 2446 1315 2517 vituperetur
1333 2446 1513 2502 ministerium
1532 2454 1662 2509 restrum,
1679 2444 1822 2515 sedmagis
1836 2445 1872 2499 de

234 2552 243 2582 ⁴
266 2531 366 2587 Puellae
388 2546 448 2602 ‘1¹¹ae
469 2545 522 2585 ¹¹⁰n
541 2537 684 2600 pilonium
707 2541 809 2587 “litim
830 2529 954 2601 imperio,
978 2531 1029 2586 ⁸061
1075 2537 1163 2608 palma
1176 2538 1427 2594 rictcriaeirrmium
1439 2537 1577 2607 accipietis
1592 2535 1872 2609 [and.,accipiatis]

231 2630 380 2693 rniicrreo
393 2618 497 2689 illicio
514 2620 680 2696 desidetis
695 2621 861 2692 ammaim
877 2632 959 2691 arque
978 2622 1028 2677 ln·
1072 2627 1151 2699 inxc
1164 2630 1264 2702 egregii
1277 2628 1398 2700 Apostoll
1410 2630 1527 2694 aleriam,
1552 2628 1685 2690 latenrer,
1709 2625 1787 2683 nonis
1806 2626 1873 2681 scir·

232 2714 316 2769 mun
331 2721 526 2783 coeperam,
552 2712 575 2768 si
597 2720 691 2783 posca
707 2712 945 2785 repsissetque,
961 2728 1029 2783 ore
1077 2724 1128 2778 lns
1142 2721 1308 2786 iniciendo,
1320 2720 1593 2792 cerritanensium
1604 2717 1718 2790 insitio
1729 2715 1755 2770 in
1766 2716 1872 2771 sidere·

232 2805 387 2860 intimetur
398 2812 427 2860 ei
438 2802 506 2873 jem,
521 2804 544 2859 si
557 2803 626 2876 [ld.,
640 2805 722 2860 eiiam
735 2804 771 2877 Si]
784 2807 903 2860 titinium
916 2804 1029 2876 etsem-
1078 2812 1228 2875 mansione,
1246 2827 1327 2881 quatu
1351 2811 1428 2867 robis
1449 2811 1544 2865 reddat
1566 2809 1592 2863 in
1612 2807 1687 2865 ilum
1702 2806 1772 2862 diem
1782 2803 1875 2872 justus

233 2898 270 2955 tia
282 2894 496 2952 consecrationis
508 2897 638 2962 accessit,
654 2894 731 2965 majus
743 2897 838 2966 utique
852 2913 905 2953 non
919 2896 1030 2952 tranac-
1074 2901 1156 2971 judex
1178 2901 1308 2956 ltnrrrincs
1329 2900 1400 2956 licus
1417 2909 1445 2956 et
1460 2900 1585 2956 Salvator
1601 2906 1694 2953 noster
1704 2895 1784 2952 Jesus
1795 2895 1876 2951 Cirri-

233 2995 327 3043 rentrlr
341 3000 462 3052 munere,
478 2986 501 3042 si
516 2987 544 3041 in
559 2987 697 3057 proposito
711 2987 929 3056 permanerentb
943 3006 967 3042 r.
1079 3000 1146 3057 stus,
1157 2991 1277 3062 quiviril
1289 2991 1317 3046 in
1331 2992 1434 3047 unitate
1448 3007 1510 3047 eam
1520 2990 1576 3045 lieo
1586 2990 1667 3045 Patre
1678 2987 1876 3059 omnipotente,

270 3079 335 3135 llaec
353 3079 453 3149 itaque,
465 3079 617 3135 charissimi
629 3077 718 3144 nobis,
733 3087 761 3135 et
772 3077 950 3143 dilectissimi,
967 3094 1028 3151 qnae
1041 3120 1066 3183 c
1079 3093 1107 3140 et
1115 3083 1218 3154 Spiritu
1229 3090 1323 3139 sancto
1331 3098 1381 3153 per
1389 3082 1479 3138 omnia
1489 3082 1586 3139 saecula
1595 3081 1765 3138 saeculorum.
1776 3080 1876 3135 anien.

234 3207 356 3269 iieriims,
370 3207 716 3277 proilltncommcriroinc
736 3211 891 3266 communio
911 3212 1029 3281 denega·
1082 3217 1264 3287 fuitdelagnra
1276 3217 1425 3289 puellarum
1436 3216 1612 3280 monasterio,
1634 3215 1662 3270 in
1675 3223 1790 3284 utroque
1809 3228 1877 3269 sexu

236 3288 291 3331 ⁸¹¹¹·
307 3278 433 3332 Vifflfflm
455 3287 546 3333 aflifni
570 3279 671 3335 Ῑθῖθῦῑθ
693 3280 859 3346 fflssimisssor
876 3295 929 3336 non
951 3280 1031 3338 facile
1080 3287 1273 3361 prevaricator
1286 3288 1320 3342 ad
1334 3288 1502 3358 propositum
1516 3287 1616 3341 inritus
1628 3285 1728 3341 reverti
1741 3292 1876 3356 cogatur:

235 3348 335 3417 aliquis
352 3361 386 3402 er
401 3348 602 3431 suspicionibus
617 3350 777 3405 abstinetur.
797 3351 848 3419 Qui
864 3352 957 3422 utique
967 3354 1033 3408 sub·
1057 3356 1060 3361 ’
1081 3359 1355 3417 utrirdetondeatun
1369 3366 1397 3412 et
1409 3358 1495 3429 pnelia
1507 3355 1672 3412 monasterio
1683 3355 1876 3426 reintegretur.

236 3418 409 3482 ῐιιθιθῐιίῑϋῑ,
432 3433 455 3473 ⁸¹
476 3418 535 3487 eills
554 3418 685 3491 flagitium
710 3421 859 3492 detegatur.
882 3421 950 3477 Cum
966 3437 1033 3494 ertio
1082 3430 1112 3486 Si
1126 3438 1216 3484 autem
1229 3428 1350 3499 quolibet
1372 3430 1523 3499 patrocinio
1541 3429 1695 3483 desertores
1716 3440 1879 3507 permanere

236 3500 286 3559 pai
301 3502 383 3543 031153
395 3487 441 3552 ⁸51»
460 3488 593 3544 {nitidum
606 3530 614 3555 i
629 3490 788 3561 limitatione
806 3500 930 3549 cessante
944 3533 951 3559 ‚
972 3493 1033 3548 rin-
1075 3500 1226 3563 udncrint,
1241 3499 1402 3555 sacerdotali
1416 3499 1551 3555 sentealtia
1564 3498 1601 3553 ita
1615 3498 1649 3553 de
1661 3495 1878 3553 Christianorum

237 3558 317 3613 dicte
331 3558 402 3613 ratio
415 3558 593 3629 conquiescit.
612 3579 621 3612 r
645 3561 694 3624 lta,
714 3561 743 3615 ni
754 3560 841 3627 failor,
854 3570 882 3618 et
896 3562 940 3618 ide
955 3578 1034 3634 repo
1082 3579 1156 3627 coern
1180 3570 1331 3624 habeantur
1351 3579 1494 3635 extorres,
1512 3578 1542 3623 nr
1559 3584 1610 3624 nec
1633 3566 1735 3621 locutio
1756 3581 1818 3622 cum
1837 3565 1889 3621 eis.

238 3628 356 3710 nendum
375 3638 454 3692 erat,
477 3629 530 3684 nisi
550 3630 687 3700 antiquior
711 3630 852 3702 disciplina
874 3649 907 3689 er
929 3632 1033 3689 Graccis
1083 3640 1137 3697 ulla
1154 3639 1360 3695 sircnmnrnnls.
1379 3658 1389 3691 r
1405 3638 1507 3708 floram
1530 3655 1595 3695 vero
1616 3636 1736 3708 capitum
1761 3636 1878 3692 alterurn

238 3696 340 3820 “duilli
354 3698 568 3769 llraessiofflissei,
579 3715 626 3755 ιω
644 3700 734 3773 politis
747 3704 862 3773 temperi
875 3703 964 3773 aptior
975 3703 1033 3759 visa
1083 3712 1160 3766 deest
1183 3710 1210 3764 in
1233 3709 1395 3766 collectione
1413 3708 1577 3781 Dionysiana
1590 3722 1672 3780 quam
1689 3706 1813 3776 sequitur
1824 3704 1879 3761 Za·

238 3782 320 3824 0⁸⁸⁰·
1083 3780 1201 3836 charius.

274 3835 465 3894 ¹anoomm
480 3838 721 3913 interrogationem
734 3840 806 3896 haud
828 3843 908 3899 dubie
923 3844 1034 3916 pmpins
1119 3850 1273 3904 interna
1294 3856 1398 3920 partem
1420 3847 1502 3918 hujus
1521 3864 1552 3906 ea
1573 3848 1638 3914 itis,
1659 3848 1731 3919 quod
1741 3854 1786 3904 est
1800 3846 1834 3901 15
1844 3845 1881 3900 ad

239 3908 350 3978 auindi*
372 3908 471 3965 ¹⁴⁰⁰ssss
500 3910 641 3992 Γῖθιῡῐῑῦῑθ
662 3911 695 3965 Η
708 3912 742 3967 ud
766 3911 907 3994 liltstieum
929 3912 1035 3971 Nurim-
1084 3919 1320 3983 Rusticumattuii
1331 3927 1388 3974 not.
1398 3920 1481 3985 ’,σοι
1495 3920 1540 3977 89.
1553 3865 1603 3976 'iic
1613 3920 1752 3990 subjiciam
1763 3917 1881 3989 primum

240 3993 352 4033 nerrsem
368 3997 374 4032 :
392 3998 402 4028 r
419 3978 605 4050 eroposrurn.
620 3983 667 4046 ilii,
685 3982 810 4038 wuith!
827 3983 937 4055 emptio
960 3985 1034 4040 arbi·
1084 4007 1117 4047 es
1131 3991 1281 4045 canonibus
1293 3990 1327 4045 ad
1340 3989 1441 4055 Gallos,
1462 4005 1531 4061 quos
1546 3988 1707 4047 sirmondus
1717 3999 1745 4045 et
1755 3987 1881 4047 baltheus

240 4048 303 4111 trio,
320 4057 367 4104 aut
379 4049 517 4106 voluntate
528 4061 682 4122 susceptum
696 4052 784 4107 deseri
800 4068 853 4106 non
863 4062 952 4122 potest
973 4055 1036 4110 aiis·
1084 4061 1260 4123 innocentio,
1283 4060 1314 4114 P.
1327 4059 1467 4116 Constant.
1489 4059 1590 4115 Siricio
1619 4061 1777 4116 tribuendos
1803 4064 1882 4126 pariat

240 4127 294 4188 qtae
316 4128 436 4189 peccato.
451 4118 529 4203 Quod
549 4121 621 4203 enim
646 4122 708 4203 quis
722 4122 796 4177 volit
818 4122 888 4189 Deo,
903 4124 984 4179 deiret
1008 4133 1036 4181 et
1085 4131 1182 4213 (Epist.
1197 4129 1274 4184 Rom.
1287 4128 1367 4184 Pont.
1388 4130 1489 4194 tomi,
1505 4130 1602 4199 pedi
1624 4131 1724 4257 sequ.
1743 4128 1826 4185 Juvat
1844 4126 1883 4180 si·

242 4189 365 4244 reddere.
388 4190 464 4246 Unde
481 4206 528 4260 qur
548 4191 642 4246 relicta
659 4190 856 4263 singularitatis
867 4193 1036 4264 professione
1084 4203 1194 4272 quidem
1207 4208 1284 4255 exera
1299 4197 1458 4256 collection.
1483 4209 1575 4270 pecare
1602 4216 1693 4271 quma
1725 4215 1782 4255 rem
1796 4196 1883 4267 pluri-

242 4260 277 4314 au
291 4259 539 4322 colluctamini
559 4262 667 4331 nuptias
686 4260 904 4328 devolutcsen,
921 4264 1036 4335 publica
1084 4270 1292 4326 munincinnr:
1315 4269 1440 4336 «Poeta,
1474 4286 1515 4326 cc
1531 4270 1753 4326 nondnnvclata
1767 4278 1819 4331 cst,
1834 4267 1882 4321 sel

242 4328 410 4412 paenitentiae
421 4329 607 4412 satisfactione
628 4333 785 4403 purgandus
808 4341 850 4388 est
869 4351 876 4388 :
898 4335 961 4403 quia
983 4337 1035 4416 etsi
1104 4286 1524 4412 mposceratsicmancre,(iioet
1537 4356 1591 4396 non
1612 4342 1649 4398 sit
1670 4342 1698 4396 io
1713 4340 1822 4396 Christo
1834 4353 1883 4392 re·

244 4409 418 4454 innocenssrt
429 4400 524 4454 militm
536 4441 543 4463 ,
557 4409 585 4457 et
596 4403 738 4456 horrestum
754 4411 920 4474 potestesse
941 4421 1036 4475 conpr·
1084 4358 1160 4479 fam
1177 4420 1267 4466 mmen
1285 4411 1349 4481 quia
1374 4412 1529 4483 proposuit,
1554 4419 1583 4467 et
1599 4413 1633 4467 in
1644 4409 1772 4483 oorrjugio
1793 4408 1883 4463 teleta

244 4468 318 4538 glum
328 4508 336 4533 ,
348 4469 508 4525 eiectionem
523 4479 612 4527 tameo
626 4472 768 4528 meliorum
783 4474 933 4531 desemisse
946 4483 1036 4531 trans-
1050 4469 1076 4529 D
1088 4498 1143 4537 non
1161 4488 1224 4546 est,
1245 4480 1353 4537 turrira
1375 4482 1476 4553 nuper„
1496 4480 1665 4552 appellantur
1680 4500 1687 4537 :
1701 4496 1736 4536 cx
1755 4496 1790 4536 eo
1810 4478 1884 4547 qnod

244 4538 348 4609 gressio
360 4547 413 4594 nst.
430 4539 581 4597 »Proxime
590 4550 681 4597 autem
696 4545 794 4599 concil.
811 4542 869 4600 Tol.
882 4561 907 4599 vr
919 4547 991 4618 (ean.
1006 4547 1034 4618 li)
1087 4552 1253 4607 matrimonii
1277 4551 1397 4608 caelestis
1417 4561 1585 4679 (praeceptum
1623 4569 1678 4608 non
1714 4548 1883 4610 servaverit,

244 4609 285 4663 sic
301 4608 474 4691 decernens:
497 4630 506 4662 r
532 4609 662 4683 Quisquis
680 4614 800 4670 uirorum
823 4614 866 4671 sci
891 4615 1036 4673 mulierum
1088 4638 1181 4677 anrore
1208 4631 1415 4693 properantes
1456 4622 1578 4677 lihidinis
1612 4623 1774 4679 cecitatem.
1793 4640 1803 4673 t
1825 4618 1886 4674 Huc

245 4678 367 4761 nabltum
390 4681 474 4737 senei
498 4682 617 4738 induerit
631 4694 780 4754 spontanee
793 4687 968 4757 religiosum,
991 4696 1039 4743 ant
1087 4692 1170 4748 etiam
1182 4701 1306 4763 spectant
1322 4709 1384 4765 quae
1397 4709 1479 4763 supra
1491 4707 1552 4764 cap.
1570 4692 1616 4747 sl.

245 4765 269 4805 st
283 4764 326 4805 rur
340 4751 577 4810 deditnsecclesiae
590 4756 684 4820 choro,
704 4755 748 4810 rei
762 4754 864 4812 {emina
888 4756 970 4813 tuerit
983 4798 991 4823 ,
1005 4774 1038 4815 ac

1740 4887 1880 4906 μ

504 4976 558 5050 5⁷
589 4993 644 5072 IN
671 4992 927 5076 STEPHANI
955 4995 992 5074 ll
1020 4994 1273 5075 LITTERAS
1294 4993 1615 5076 aellolllTlo.

905 5159 1200 5177 U*

284 5239 353 5297 Cum
367 5237 513 5294 Zacharias
528 5239 597 5296 obiit
612 5254 767 5311 supremum
780 5243 867 5306 diem,
883 5259 954 5298 anno
968 5245 1043 5298 rade-
1096 5240 1250 5313 Stephanus
1271 5243 1303 5306 ll.
1325 5242 1361 5299 cl.
1381 5243 1424 5311 lll,
1435 5243 1480 5301 hio
1498 5253 1591 5301 noster
1601 5243 1701 5317 audiat,
1720 5243 1826 5301 umdsi
1840 5244 1884 5301 tri

250 5313 315 5369 iicet
325 5309 387 5375 752,
403 5311 504 5366 mensis
515 5310 603 5366 danii
613 5310 659 5375 el,
678 5311 905 5369 duodeciminira
917 5313 974 5369 dies
989 5315 1043 5370 duo
1095 5313 1177 5368 duani
1188 5312 1261 5369 iilius
1271 5314 1349 5369 electi
1361 5314 1406 5369 rix
1418 5329 1516 5371 nomen
1528 5315 1562 5370 ad
1577 5332 1626 5372 nos
1641 5315 1804 5385 pervenerit.
1829 5314 1892 5372 Ste-

250 5381 393 5454 pontidces
406 5388 470 5435 sunt
484 5380 580 5446 eiecti,
601 5382 709 5452 otriqne
721 5399 819 5439 nomen
831 5383 999 5454 Stephanum
1016 5392 1045 5440 at
1096 5384 1202 5453 pharus
1226 5384 1308 5455 igitur
1323 5384 1344 5441 ll
1365 5385 1399 5440 ad
1421 5384 1493 5442 Petri
1508 5385 1664 5442 cathedram
1677 5383 1814 5450 asendit.
1826 5402 1889 5441 cum

251 5454 327 5523 prior
337 5450 416 5507 tridui
433 5451 535 5520 spatio,
561 5461 705 5523 antequam
719 5463 923 5510 consecraretur
935 5470 1045 5511 occurre
1097 5455 1225 5537 temporis
1237 5464 1411 5511 causaeerant
1423 5457 1515 5525 plures
1525 5472 1575 5511 cnr
1586 5455 1709 5526 Gregorii
1721 5455 1753 5511 lll
1766 5456 1892 5525 exemplo

253 5525 331 5587 bats,
343 5536 430 5591 neque
445 5523 481 5577 aii
504 5523 648 5579 Anastasio
668 5524 889 5590 Bibliothecario,
907 5540 940 5581 ne
960 5541 994 5581 oe
1010 5527 1045 5581 ab
1097 5524 1227 5579 auxilium
1245 5533 1392 5595 peteretur,
1410 5525 1491 5595 idque
1503 5528 1694 5597 opportunius,
1715 5541 1747 5581 ex
1763 5524 1892 5593 Francia,

254 5592 426 5661 anitiquorum
441 5592 495 5647 uilo
511 5593 582 5649 inter
600 5594 741 5663 pontillces
756 5607 920 5652 recensetur.
941 5541 1047 5650 (i‘anm-
1117 5594 1170 5649 uod
1194 5595 1378 5651 intermissum
1403 5598 1495 5652 mndiu
1517 5603 1587 5651 erat.
1624 5596 1729 5652 Etenim
1748 5594 1892 5678 Pippinns,

255 5665 327 5725 llius,
350 5677 431 5744 quem
454 5664 528 5719 card.
551 5664 682 5721 Batonius
704 5667 837 5738 seqnitur,
871 5667 942 5722 tarano
959 5667 1042 5721 ctiam
1098 5611 1188 5721 geroli
1211 5665 1325 5720 llartelli
1347 5664 1435 5730 silius,
1460 5666 1534 5723 nullo
1553 5666 1680 5723 amicitie
1694 5676 1741 5721 aut
1754 5667 1895 5723 societatis

256 5733 339 5795 rcicrt
362 5749 387 5787 ln
411 5732 575 5802 reliquorum
588 5751 740 5793 nanterum.
765 5737 833 5794 ilinc
844 5738 943 5793 iactnm
958 5748 998 5792 cst
1013 5747 1045 5792 ut
1099 5736 1205 5791 rincnlo
1222 5734 1332 5806 junctius
1346 5746 1404 5790 crat
1423 5753 1484 5791 cum
1499 5735 1639 5807 Aistalpirn
1652 5735 1892 5808 larrgoirnrdorum
