4050 6192
168 289 217 345 nr
314 279 388 339 eon.
409 274 545 334 maten.
564 304 601 317 -
619 272 766 340 nostru,
787 270 874 337 cru,
895 267 962 327 scu
981 262 1096 324 eonas
1113 255 1320 318 esnonnus.
1341 290 1376 301 -
1395 258 1471 314 arr.
1490 255 1642 315 atinam.
1732 259 1785 315 sse

199 397 347 470 Gregorinm
365 390 483 455 inrebit;
504 405 564 446 curn
581 387 654 444 enim
671 387 753 442 maim
766 386 868 442 scelera
880 398 943 453 per·
956 380 980 443 Α
994 373 1120 449 panibus]
1131 388 1226 430 eorum
1243 370 1419 474 nitescentis
1431 369 1617 427 misericordia
1635 370 1715 431 aride
1733 376 1786 431 de

198 474 352 543 pterasoertt,
365 462 436 519 dam
449 461 590 515 sensnm
601 458 728 513 incolum
747 457 852 513 seelera
866 456 947 511 dissi-
997 464 1156 537 pruriebant,
1172 479 1206 519 εχ
1218 478 1270 534 qus
1282 462 1437 532 penitentis
1451 462 1567 531 plurim
1581 476 1645 532 pars
1659 464 1789 521 delinen-

199 540 335 621 ’Μ’
348 543 377 590 ‘³‘
397 531 551 589 dmum
569 530 698 609 “mm
722 529 793 618 im
810 540 901 596 ψ
918 535 947 583 ‘³²
996 562 1038 611 tes
1055 565 1136 626 atquc
1149 563 1258 609 rrrerrtes
1271 553 1394 624 mssipatt
1409 562 1489 621 suast,
1506 553 1617 624 insuper
1629 556 1788 625 ignobilium

196 608 353 736 parumn.
366 603 432 659 (irat
448 610 477 656 ut
490 603 525 659 ab
535 615 565 655 se
576 608 691 668 resectos
700 599 946 665 delmnestatosque

219 693 304 737 umam
317 676 405 731 nrittat
418 687 479 726 cunr
491 670 549 727 suis
560 670 664 741 legatis,
678 669 715 723 ibi
727 668 799 724 enim
812 668 840 721 in
852 680 946 721 corttm
996 647 1468 717 'Uliflssfflisslliffl‘llieiffifflstfflm
1484 645 1609 714 nequiter
1623 661 1791 718 congregan-

196 750 291 807 seelera
317 742 507 814 mqnirendum
525 741 587 797 erit.
610 738 657 795 Sic
669 738 775 810 Pippini
791 738 900 793 dinatio
912 736 947 791 ab
995 744 1049 801 tes,
1061 753 1114 792 nun
1131 737 1349 792 intermittebant
1361 734 1481 805 quotidie
1491 737 1622 794 celandas
1634 749 1791 808 perpetrare

196 816 399 877 nemausam,
410 810 457 880 ιιι
475 825 570 881 nempe
587 810 742 892 &⁸9¹³ssss
764 808 836 864 ὠ
854 807 882 861 ⁵¹¹
896 822 945 861 ⁰¹·
996 826 1173 883 nccesllnde
1186 827 1250 882 dum
1267 825 1791 900 infflbcebsiaquadamdiemissa·

195 888 301 947 “dm
315 886 506 941 imm
519 880 699 952 ''emnem‘'
995 936 1057 977 rum
1075 920 1278 975 celebrarentur
1294 924 1434 985 salernum,
1450 928 1479 976 et
1490 921 1584 977 eadent
1597 923 1662 977 bora
1676 925 1789 992 quidam

195 1017 559 1083 mmm1exedtcntisstno
583 1015 638 1071 lilio
659 1022 807 1084 trostmqne
829 1012 944 1083 spiritaii
996 1012 1127 1075 diaconus
1153 1021 1276 1066 sanemur
1286 1010 1386 1067 tibnsn
1407 1009 1582 1081 Enanpeiium
1598 1014 1706 1084 populis
1720 1030 1791 1087 prae·

164 1114 283 1186 compatri
295 1110 403 1173 Cat-olo,
421 1109 478 1178 regi
488 1106 654 1161 Fratrenrnm
668 1104 944 1176 etbanqnbardorum
997 1101 1109 1167 dicaret,
1133 1101 1206 1156 intus
1230 1102 1258 1156 in
1277 1105 1371 1156 eodem
1388 1104 1544 1157 sutrctunrio
1560 1105 1594 1158 ab
1621 1120 1716 1160 eurum
1738 1108 1790 1161 im·
1825 1173 1828 1177 ,

163 1215 235 1275 seqre
247 1200 360 1273 patricio
368 1198 565 1258 Romanorum,
578 1193 715 1248 Adrianus
727 1206 797 1263 papa
811 1192 837 1245 ι’.
995 1192 1125 1262 piissimis
1137 1191 1293 1247 horninibus
1308 1193 1417 1261 sineris
1427 1192 1528 1250 edesus
1539 1202 1580 1250 est
1589 1195 1730 1264 innocens,
1741 1213 1792 1269 pro

192 1290 282 1352 emp,
296 1290 387 1348 „neq
398 1288 518 1359 Spiritus
534 1283 611 1355 igniti
630 1282 720 1339 calore
742 1282 813 1337 nulb
825 1281 945 1352 quiesci·
996 1282 1130 1337 sacritieio
1150 1280 1238 1336 laudis
1255 1280 1429 1341 bomicidimn
1443 1292 1652 1353 perpetrantes,
1674 1296 1702 1342 et
1726 1288 1790 1344 dum

162 1400 216 1442 ,m
229 1382 288 1455 ptus
302 1380 419 1444 nenne,
438 1376 549 1432 curiles
568 1382 683 1430 meream
697 1357 839 1442 pulsnm
854 1371 944 1441 splen-
995 1370 1048 1439 ipsi
1064 1370 1133 1426 certi
1153 1371 1304 1425 existerent
1323 1371 1395 1439 quod
1414 1384 1465 1426 nos
1483 1373 1554 1427 tales
1575 1374 1683 1444 iniquas
1704 1385 1792 1433 terras

43 1522 44 1533 ,
161 1480 226 1541 dido,
244 1488 431 1547 preterquam
443 1485 542 1525 vestrm
558 1482 574 1522 a
589 1468 786 1537 beoprumeta
799 1464 881 1535 regali
895 1476 944 1534 po·
996 1475 1078 1530 atque
1095 1470 1239 1530 perversas
1259 1460 1432 1529 operationes
1452 1461 1563 1519 nrirdme
1581 1463 1641 1521 illos
1663 1475 1693 1521 nt
1713 1466 1793 1524 cbri-

160 1570 253 1633 reqtiae‚
266 1582 330 1624 mam
343 1563 530 1636 opportunitas
540 1560 624 1617 datur
636 1575 669 1614 es
687 1560 751 1613 iotis
766 1556 944 1627 {msttispt'e-
995 1552 1086 1607 stiano
1105 1550 1204 1621 Ρθιιιῖθ
1224 1564 1354 1620 Pingere
1372 1551 1536 1619 ‘fl'ifi'mub
1552 1552 1654 1610 idem
1676 1559 1793 1628 ⁸¹¹W¹²

162 1661 252 1719 mritis
274 1658 421 1720 intimare,
449 1668 530 1723 aprum
556 1660 612 1706 tam
635 1649 741 1704 lrmam
765 1647 945 1717 stabilemque
995 1651 1148 1721 arroganda
1172 1650 1251 1713 elati,
1275 1650 1366 1706 conati
1388 1656 1452 1704 sunt
1477 1649 1536 1704 sine
1555 1656 1649 1705 nostra
1676 1649 1794 1705 scientis

162 1767 283 1809 annexam
305 1746 428 1805 iidebter
441 1761 473 1802 ae
489 1746 528 1801 ita
547 1743 689 1799 unianimes
710 1740 861 1796 inanitate
878 1754 945 1795 con·
961 1736 1031 1797 bad
1045 1750 1151 1797 vestros
1166 1756 1315 1813 properare
1334 1741 1439 1812 requies
1458 1740 1585 1806 ebartus,
1605 1740 1794 1796 existimantes

161 1845 272 1917 plebatus
291 1852 355 1897 esse
365 1842 560 1910 speramus,ut
574 1833 648 1890 nulio
663 1831 744 1888 modo
753 1831 833 1904 421
847 1830 944 1886 creda·
995 1847 1027 1887 se
1045 1847 1094 1903 per
1117 1847 1212 1887 corum
1242 1831 1378 1887 intldelem
1404 1839 1486 1901 atque
1511 1833 1632 1901 iniqusm
1657 1832 1793 1888 bllaciam

161 1950 222 1998 mas,
237 1932 387 2004 quamlibet
400 1943 525 1998 nrapnam
537 1940 703 1998 parvamque
713 1938 860 1995 personans
875 1923 945 1977 inter
996 1937 1011 1976 a
1029 1922 1083 1978 lide
1110 1922 1236 1992 puritatis
1263 1930 1291 1977 et
1309 1923 1452 1978 dilectione
1474 1924 1547 1977 beati
1565 1923 1638 1978 Petri
1655 1932 1683 1979 ct
1700 1934 1792 1980 nostra

161 2022 328 2095 apostolicam
351 2021 442 2076 sedem
465 2027 494 2074 et
514 2023 632 2073 nestram
652 2013 843 2070 excellentiam
863 2026 946 2084 posse
995 2030 1045 2070 sos
1066 2031 1210 2085 separare;
1230 2016 1384 2072 nescientes
1407 2016 1500 2071 anseri
1524 2030 1552 2081 ec
1569 2015 1702 2082 infelices,
1727 2019 1792 2086 quia

43 2156 44 2163 ,
161 2129 213 2168 eam
223 2111 362 2176 dirimere,
374 2109 455 2164 talem
465 2120 579 2179 prorsus
588 2114 709 2160 restmm
718 2101 906 2174 pisctutgtunn
918 2104 945 2158 in
997 2106 1043 2177 qui
1064 2107 1191 2177 praecipui
1221 2106 1315 2162 ddelss
1334 2105 1455 2175 eirmlem
1474 2106 1520 2160 bei
1542 2106 1657 2185 apostoli
1681 2115 1745 2161 snrrt
1765 2117 1794 2160 ct

161 2202 293 2276 triumphis
311 2217 429 2274 regnum
446 2215 508 2271 erpa
529 2212 650 2254 amorem
662 2196 734 2252 beati
747 2195 818 2250 Petri
838 2203 947 2265 aposto-
996 2196 1082 2251 nestri
1101 2193 1250 2251 lellcissimi
1270 2196 1346 2266 regni
1366 2194 1460 2251 lideles
1481 2205 1560 2262 sunt,
1580 2197 1683 2266 pariter
1700 2204 1728 2250 et
1745 2197 1793 2266 qui

43 2286 44 2323 ¹
159 2293 237 2350 lorum
249 2293 393 2366 principis,
413 2290 525 2346 fautoris
537 2290 629 2351 vestri,
646 2295 673 2344 et
687 2295 809 2342 nostram
824 2285 947 2342 dilectio-
992 2282 1056 2354 ἀει
1067 2283 1239 2342 ltsimiciesse
1250 2285 1386 2354 sidentur,
1399 2287 1678 2358 restriproculdubio
1692 2289 1793 2344 iraimiei

160 2401 213 2441 nem
223 2392 404 2458 agnoscentes
416 2396 500 2452 nsque
515 2384 649 2438 hactenus
659 2379 805 2450 persistere
818 2385 846 2433 ct
861 2377 946 2433 indis-
997 2385 1061 2432 sunt
1074 2387 1097 2429 r.

160 2474 288 2534 solubilem
300 2488 473 2548 permanere,
486 2474 557 2543 quod
568 2484 707 2541 nunqnam
720 2469 815 2541 pessit,
828 2467 946 2539 quamli-
1033 2467 1204 2538 Quapropter
1224 2476 1366 2537 poscentes
1385 2482 1540 2539 qtaesrmus
1561 2480 1679 2527 vestram
1703 2488 1719 2528 a
1739 2473 1795 2528 bon

43 2626 44 2629 ,
160 2569 199 2626 bet
213 2566 332 2643 [lamb.
346 2562 483 2637 quaelibet]
503 2562 599 2620 callida
618 2561 735 2618 uemntia
754 2559 894 2615 bominum
911 2554 946 2611 ab
995 2566 1148 2629 protectam
1164 2559 1282 2631 regalem
1305 2560 1466 2630 potentiana,
1485 2574 1537 2631 per
1558 2562 1668 2618 beatum
1683 2564 1795 2621 Petrum

161 2675 243 2715 aurore
263 2657 395 2727 clavigeri
417 2655 494 2727 regni
525 2655 657 2711 cestorum
683 2651 847 2722 dsjnnperc,
865 2660 947 2721 quem
997 2650 1182 2720 apostotorum
1202 2650 1355 2720 principem
1379 2650 1423 2705 cai
1448 2649 1596 2708 aliendno
1617 2665 1739 2724 potestas
1759 2656 1798 2713 li·

43 2740 44 2811 t
160 2764 262 2821 prursns
279 2746 471 2803 auxiliatorem
488 2745 515 2800 in
529 2743 724 2815 opinatissimis
736 2741 834 2797 restris
848 2738 948 2794 trium·
997 2736 1080 2809 madi
1098 2737 1274 2807 solvendique
1290 2746 1403 2808 peccata
1419 2739 1447 2794 in
1468 2740 1538 2796 coelo
1555 2750 1583 2796 et
1600 2744 1628 2798 ln
1643 2752 1717 2799 terra
1728 2746 1796 2801 deta

43 2828 44 2831 ¹
159 2841 221 2911 ptis,
234 2838 319 2896 nobis
331 2837 505 2910 poscentibus
516 2848 598 2906 atque
610 2832 795 2906 precantibus,
811 2830 948 2887 credimus
997 2837 1051 2895 est,
1068 2836 1096 2884 ct
1113 2829 1202 2900 ipsum
1221 2842 1346 2885 sanctum
1364 2831 1496 2902 baptisma
1511 2834 1583 2903 quod
1600 2835 1672 2891 inter
1684 2851 1734 2892 nos
1744 2852 1798 2908 per

43 2918 45 2963 t
159 2940 183 2988 et
190 2930 420 3005 propugnatorem
433 2929 544 2994 babere,
566 2926 716 2998 procedens
730 2932 758 2979 et
774 2921 947 2978 itrtrtnluceus
998 2918 1131 2991 Spnlwm
1145 2927 1269 2974 sanetum
1286 2920 1389 2976 babere
1401 2922 1534 2988 videmur,
1548 2924 1655 2980 illerum
1673 2931 1797 2997 procaci·

158 3030 269 3077 tetrum
287 3018 451 3094 praessum
471 3015 643 3088 regalemque
657 3015 824 3086 triumphum
841 3011 947 3069 calcare
997 3010 1048 3066 tati
1063 3019 1153 3067 vester
1173 3010 1348 3082 preltdqidtn
1370 3020 1497 3082 aspectus
1518 3022 1546 3070 ct
1568 3016 1663 3072 hilaris
1683 3017 1797 3074 mittinre

159 3127 232 3182 super
252 3127 353 3170 omnes
377 3111 510 3167 barbaras
532 3109 665 3172 nationes,
689 3115 824 3176 quatenns
841 3100 983 3173 sempers,
1000 3103 1198 3161 marrilestmnr.
1220 3103 1315 3175 Neque
1333 3105 1455 3176 recipere
1474 3106 1547 3177 ipsos
1569 3107 1701 3166 notandos
1720 3109 1795 3165 rultn

159 3218 203 3273 pro
224 3203 300 3260 robis
324 3201 444 3257 divinam
471 3206 615 3255 exorantes
635 3196 822 3260 clementiam,
843 3194 947 3262 licique
994 3197 1159 3269 dignissimo
1180 3197 1343 3268 dignemini,
1364 3198 1411 3252 sed
1431 3205 1559 3269 tanquam
1576 3199 1701 3260 inimicos
1719 3202 1796 3259 besti

43 3290 45 3325 l
158 3292 277 3350 titnurem
289 3304 353 3366 pra
363 3289 452 3347 scutis
461 3289 606 3352 babentes,
620 3296 701 3358 atqie
710 3300 760 3357 pro
774 3285 865 3340 mima
883 3298 947 3341 sart·
994 3286 1071 3343 l'etri
1088 3295 1117 3343 et
1130 3294 1236 3344 uestros
1247 3288 1410 3353 existentes,
1424 3303 1520 3345 eorum
1534 3295 1680 3363 superbam
1696 3294 1796 3366 moria-

43 3382 44 3447 ἶ
156 3389 203 3441 eta
228 3380 428 3439 recordationis
444 3375 684 3449 precellentissimi
711 3376 850 3448 portitoris
864 3373 947 3430 nestri
998 3378 1100 3433 tionem
1120 3385 1288 3449 respuentes,
1308 3380 1343 3435 ad
1357 3395 1408 3435 nos
1420 3380 1589 3439 dehonestati
1606 3399 1656 3455 per
1672 3386 1798 3443 tidelissi·

43 3516 44 3525 ,
157 3468 241 3527 domni
257 3470 369 3542 Pippiui
385 3470 483 3526 sunami
503 3469 592 3540 repis,
612 3474 638 3525 el
654 3467 842 3540 premunitus
859 3464 947 3521 lideli-
998 3482 1058 3525 ntus
1080 3468 1178 3525 missos
1191 3478 1295 3525 nestros
1306 3470 1424 3528 lrumiles
1444 3471 1563 3540 veniant,
1580 3482 1610 3528 ut
1625 3476 1716 3531 omnia
1734 3494 1798 3548 qun

156 3561 203 3619 lun
213 3562 340 3628 Francis,
357 3563 496 3630 simulque
515 3561 635 3616 divinum
656 3559 859 3618 considerantes
875 3556 947 3627 iudi·
995 3558 1047 3615 lati
1066 3573 1161 3615 sumes
1177 3574 1272 3615 eorum
1289 3562 1499 3630 comprobemus
1514 3565 1658 3633 prasentia
1675 3565 1685 3605 l
1694 3581 1703 3631 ;
1726 3581 1795 3637 qua·

157 3651 233 3717 ricta
243 3652 403 3708 nitebamur
414 3651 561 3706 emendare
572 3650 606 3705 de
619 3650 709 3722 pruris
720 3658 802 3719 atque
813 3647 949 3719 perversis
995 3659 1078 3708 tenus
1091 3652 1139 3723 qul
1152 3662 1236 3724 apum
1251 3653 1317 3707 tnlia
1331 3653 1423 3722 iniqua
1438 3663 1519 3725 atquc
1528 3670 1669 3727 persensa,
1684 3671 1735 3729 per
1749 3673 1798 3716 eos

157 3740 264 3811 actibus,
285 3740 414 3809 videlicet
433 3742 620 3801 Eletttberium
645 3750 672 3798 et
693 3740 869 3813 Gregorium,
888 3740 948 3796 inc·
998 3744 1187 3808 emendentur,
1204 3752 1232 3801 et
1248 3743 1351 3799 illibata
1369 3745 1471 3801 oblatio
1486 3762 1546 3817 qua:
1561 3763 1576 3803 a
1589 3757 1691 3805 sancta
1706 3765 1798 3806 recor-

158 3843 214 3904 μοι
224 3845 308 3906 atque
321 3834 433 3892 inueles
443 3848 576 3906 nugacem
590 3833 637 3904 qtd
655 3849 704 3903 pro
718 3848 812 3888 eorum
822 3840 947 3901 proterva
998 3832 1118 3889 dationis
1130 3832 1212 3906 423
1224 3833 1348 3905 genitore
1358 3844 1449 3891 restro
1460 3834 1559 3892 domm
1569 3836 1683 3908 Pippino
1697 3854 1797 3911 mamre

158 3927 323 3983 matumacia
344 3939 400 3981 non
421 3926 546 3982 sinebam
566 3926 595 3981 in
614 3940 709 3980 eorum
728 3922 845 3994 judicari
864 3923 948 3993 parti·
998 3941 1064 3999 rege
1079 3926 1171 3990 suma,
1183 3934 1213 3981 et
1225 3926 1323 3980 restris
1334 3925 1504 3998 praefulgidis
1519 3928 1656 3998 regalibus
1670 3928 1798 3985 mandris

154 4012 204 4073 bus
218 4027 244 4084 ι,
259 4016 401 4074 ιιιιιιιιιιω
419 4017 514 4088 inopes
532 4028 614 4088 atque
629 4016 741 4087 pusillos
762 4016 948 4087 opprimentes
999 4017 1027 4072 in
1046 4014 1216 4071 mniessione
1232 4015 1307 4071 beati
1323 4015 1397 4071 Petri
1416 4017 1543 4090 clavigeri
1565 4019 1639 4088 regni
1662 4019 1795 4077 emiorum

156 4106 260 4177 misere,
285 4115 345 4164 tam
364 4109 393 4163 in
413 4107 559 4165 venalitate
576 4106 715 4163 hommum
736 4104 810 4177 apud
828 4120 949 4179 paganas
998 4108 1201 4177 oblatamque
1225 4105 1354 4163 nimirum
1367 4107 1526 4165 confirmata
1547 4120 1621 4178 snnt,
1635 4113 1797 4169 incertcussa

155 4198 342 4255 memes
359 4204 466 4270 qums,
490 4212 572 4267 quan
597 4197 630 4254 de
656 4198 735 4268 panis
753 4197 767 4239 ι
782 4195 899 4271 [bamb
914 4198 948 4253 de
998 4209 1028 4256 et
1045 4198 1219 4255 immediata
1241 4199 1270 4254 in
1292 4207 1424 4255 aterum
1448 4204 1660 4269 permaneant,
1683 4210 1798 4259 utente

187 4381 200 4411 ¹
216 4369 295 4443 Sum.
308 4371 357 4438 bi,
374 4366 437 4428 liar.
453 4380 482 4428 et
493 4372 570 4430 Ceri.
584 4372 686 4432 Gnars.
1037 4388 1050 4416 ι
1067 4374 1251 4432 Scelestumm
1277 4374 1431 4445 hujusmodi
1456 4393 1506 4449 par
1529 4379 1602 4436 aliud
1624 4380 1743 4438 vidimus
1768 4383 1796 4438 in

186 4438 201 4481 ι
226 4442 401 4512 llildegardis
423 4444 525 4515 reginae
542 4456 657 4501 mortem
678 4444 777 4502 Franci
806 4446 945 4503 annalisne
963 4447 1067 4513 [turbe
1079 4446 1164 4502 ιιοιιιι
1180 4447 1234 4518 (cp.
1250 4445 1295 4513 bl,
1313 4447 1349 4501 al.
1362 4446 1419 4520 50),
1439 4463 1509 4519 quos
1522 4450 1643 4521 pontilex
1657 4452 1728 4508 idem
1743 4453 1795 4509 Ro·

154 4510 270 4566 numini
297 4524 432 4568 conscisso
467 4514 590 4571 referunt
613 4517 646 4573 ad
669 4530 769 4571 annum
791 4515 844 4572 itte
859 4517 946 4587 pridie
997 4532 1071 4573 trram
1085 4516 1156 4571 mitti
1175 4517 1295 4587 petebat,
1312 4525 1342 4571 ut
1359 4518 1396 4574 ibi
1413 4518 1492 4587 juxta
1506 4536 1599 4576 corum
1615 4535 1706 4579 reatus
1719 4524 1797 4595 puni·

154 4576 317 4645 iaiilaias.
331 4580 514 4648 Quamobrem
527 4586 834 4657 rectelraneepistolam
847 4584 946 4658 lamus
996 4594 1101 4643 rentur.
1125 4586 1190 4642 Vide
1211 4587 1344 4642 monitum
1368 4590 1401 4644 ad
1422 4590 1603 4662 pseudopapae
1622 4591 1795 4651 Constantini

155 4647 186 4702 td
207 4651 336 4706 eamdem
359 4667 460 4708 antrum
484 4665 610 4726 spectare
632 4664 718 4726 putat.
744 4658 854 4729 Reginae
872 4657 945 4712 enim
996 4657 1103 4713 litteras
1116 4657 1201 4729 (rrum.
1217 4657 1328 4727 bseqi.
1342 4656 1380 4713 ld.

154 4718 222 4774 nulla
243 4721 274 4774 lit
288 4721 408 4785 mentio,
427 4722 477 4777 ‘lilii
497 4733 601 4780 tantum
619 4736 812 4781 memorantur.
829 4728 857 4783 ln
875 4740 945 4782 noua
1035 4727 1046 4766 l
1066 4726 1095 4781 ln
1113 4730 1184 4782 notis
1200 4728 1234 4783 ad
1250 4729 1407 4798 praedictam
1426 4729 1567 4799 epistolam
1586 4731 1653 4815 (not.
1672 4733 1690 4790 9
1706 4736 1734 4789 ei
1749 4735 1796 4807 id)

153 4785 269 4845 ebbone
281 4788 429 4847 lluclresnii
445 4791 564 4851 refertur
578 4794 612 4850 ad
629 4810 675 4851 an.
692 4794 753 4853 tel.
772 4796 839 4853 Cum
855 4805 946 4854 autent
999 4798 1160 4864 monebant,
1187 4807 1241 4852 tam
1264 4798 1391 4854 Carnium
1415 4814 1497 4869 quam
1521 4807 1675 4872 pnntntcem
1696 4804 1723 4859 in
1745 4821 1795 4862 sua

155 4858 382 4917 tradantsunaies
392 4861 557 4921 Francorum
570 4874 598 4921 et
607 4865 888 4925 FulderrsesCamlurn
899 4882 947 4924 eo-
999 4882 1135 4938 quemque
1157 4867 1259 4925 ditione
1276 4867 1324 4937 jus
1347 4885 1426 4925 suum
1450 4871 1477 4926 in
1491 4873 1634 4941 puniendis
1648 4874 1703 4930 reis
1718 4890 1796 4932 exer·

155 4925 211 4982 dean
234 4942 311 4985 anno
331 4929 501 5004 ilildegardis
524 4936 669 4992 ernonnatt
699 4950 811 4994 uxorem
836 4937 947 4993 duxisse
998 4939 1098 4994 cuisse.
1116 4935 1190 4995 idern
1204 4939 1248 4996 bic
1267 4939 1418 4996 luculenter
1434 4950 1520 5010 patet;
1542 4958 1626 5013 qnare
1643 4946 1667 4999 al
1674 4943 1794 5014 jicienda

150 4993 326 5067 leuatam,
337 4999 425 5074 Pagio
436 5004 528 5075 potius
545 5006 736 5064 adhaerendum
752 5008 818 5064 mibi
829 5009 945 5066 videtur.
987 5006 1105 5080 'sigonii
1122 5009 1214 5079 opinio
1227 5010 1260 5065 de
1272 5009 1470 5081 supremojure
1480 5018 1552 5081 quod
1565 5014 1615 5068 sibi
1628 5015 1794 5073 reservarint

155 5062 235 5123 Cana.
278 5132 282 5143 Ι
1001 5077 1131 5150 Pippinus
1149 5089 1177 5135 et
1195 5079 1309 5135 Carnium
1326 5082 1353 5136 in
1372 5083 1538 5147 exerebant,
1558 5082 1620 5139 licet
1646 5082 1793 5144 liuratorio

188 5137 372 5221 ⁸enpuanus
391 5140 414 5197 ll
465 5143 611 5203 lomnium
626 5148 731 5219 primus
753 5148 780 5206 in
798 5149 948 5205 exarchatu
999 5154 1119 5204 arrieat
1133 5150 1190 5218 (an.
1204 5149 1277 5220 let).
1290 5150 1411 5223 Uterque
1425 5157 1498 5208 enim
1517 5165 1613 5211 auctor
1630 5154 1792 5214 llutlrtcnsis

154 5204 289 5263 damnari
312 5211 408 5282 clepit,
455 5213 586 5286 bilippum
607 5221 699 5290 presb,
724 5230 750 5275 et
771 5220 946 5276 Eustachium
998 5219 1175 5287 voluntatem,
1192 5237 1273 5291 quarn
1288 5224 1422 5278 rationem
1437 5227 1514 5295 sequi
1529 5227 1633 5282 maluit.
1648 5228 1687 5281 ln.

43 5348 44 5353 η
154 5274 248 5333 ducem
264 5277 372 5348 judices
386 5281 521 5341 llavemae
538 5290 680 5345 constituit
696 5294 730 5348 ad
749 5289 886 5361 [anemos
898 5289 948 5360 js·
1036 5291 1049 5330 ⁸
1066 5290 1218 5346 Notandum
1234 5293 1380 5348 discrimen
1395 5291 1518 5361 indicna
1536 5298 1662 5366 pontidce
1677 5295 1794 5355 faciendi

155 5346 237 5403 nnius
254 5351 376 5407 omnibns
387 5354 439 5408 nm
453 5356 620 5427 potientibus,
634 5370 664 5414 ut
676 5360 811 5417 Adrianus
830 5360 947 5416 testaba-
997 5359 1071 5417 inter
1085 5359 1222 5418 [tornacus
1244 5372 1272 5418 et
1294 5362 1474 5431 Rauennates,
1499 5374 1573 5421 tauta
1596 5370 1623 5423 in
1649 5384 1794 5427 musarum

155 5418 199 5469 ltu
209 5417 311 5491 Carula
322 5421 348 5493 (e
369 5462 376 5477 .
392 5418 438 5490 tt,
452 5426 488 5480 al.
500 5424 558 5512 bl).
579 5428 700 5500 Triginta
712 5431 773 5488 iere
783 5439 845 5502 post
858 5444 945 5488 annos
998 5430 1125 5504 paritate.
1141 5431 1200 5487 lluo
1215 5434 1347 5504 siqnidem
1364 5434 1479 5493 liornani
1502 5436 1645 5494 facinorosi
1664 5448 1795 5511 repetun-

155 5500 229 5542 erem
251 5488 308 5547 ltutt
354 5509 386 5550 ns
407 5495 497 5554 simile
516 5498 581 5557 lunc
598 5500 716 5572 suppetit
734 5502 880 5569 nonnullis,
917 5502 947 5558 ui
1001 5499 1194 5557 turPasebaiis
1207 5512 1234 5558 et
1254 5504 1418 5573 Samrimts;
1439 5508 1603 5579 totidemque
1624 5510 1796 5569 Ravennates

174 5626 179 5633 ,
249 5560 302 5616 cine
325 5565 516 5626 dominationis
538 5569 625 5644 ignari
654 5574 762 5630 veritati
790 5571 881 5630 lucum
900 5517 949 5629 ia·
1000 5570 1212 5655 Eleutberinsvet
1229 5571 1384 5646 Gregorius,
1411 5579 1503 5633 multis
1524 5582 1672 5639 sceleribus
1687 5584 1797 5655 utrique

157 5636 240 5683 imm·
256 5629 298 5687 ¹⁰·
692 5658 694 5663 ·
1002 5643 1121 5707 ubuoru,
1132 5652 1240 5714 utrique
1249 5645 1403 5704 damnandi.
1417 5647 1467 5705 ilbi
1480 5649 1536 5721 agit
1550 5653 1583 5707 de
1597 5653 1734 5719 nonanis,
1746 5651 1795 5719 nui

191 5700 204 5738 ⁶
221 5697 314 5761 Low
325 5708 561 5784 corruptusque
572 5712 605 5768 tie
614 5714 857 5786 porriinsidnnrs.
1002 5716 1129 5775 amicitie
1141 5726 1243 5776 tanturn
1252 5726 1279 5776 ct
1289 5718 1430 5787 charitatis
1440 5720 1635 5796 vinculojuncti
1646 5734 1720 5784 eraut
1731 5737 1795 5781 tuat
