4050 6192
272 295 320 353 on
577 275 581 282 ’
736 292 906 352 acinon
925 283 1033 350 uiam
1052 291 1128 349 oon,
1147 289 1237 347 nius
1256 293 1276 348 ι.
1297 291 1419 350 sectio
1438 292 1482 350 ni.
1822 301 1878 368 ,tn

273 410 341 467 lotii
362 422 506 480 genuinam
529 404 614 462 edidit
631 405 657 459 iu
679 406 766 462 iucem
786 405 925 477 Georgius*
940 406 966 459 in
991 420 1061 461 nova
1076 410 1102 469 Α
1115 404 1143 460 ιι
1161 404 1256 460 ebron.
1281 404 1534 477 licieberspergensi
1559 420 1646 475 usque
1668 407 1729 462 adeo
1750 409 1880 472 detestatur

271 481 389 537 editione
404 478 542 533 annalium
558 475 682 543 bucensi,
699 476 889 532 conferendam
909 491 971 531 euin
990 476 1062 532 edita
1116 474 1180 548 (ιιι.
1198 474 1272 599 iidie,
1295 484 1325 530 ut
1343 476 1460 541 liarouii,
1476 476 1562 546 Pagii,
1576 477 1738 548 aliorumque
1750 479 1881 552 biiimpo-

270 550 478 607 a'lbeodorico
501 546 606 611 iiicmo,
665 564 708 602 am
734 546 879 603 Goldastus
894 547 1065 616 transcripsit
1100 545 1396 603 ,stumsreelientium
1406 545 1579 601 sedulitatem
1588 561 1881 617 stimmopereeomuten·

271 620 372 688 (Consi.
387 621 462 690 imp,
478 629 545 673 toto.
562 618 579 680 Ι,
595 632 621 687 p.
675 619 708 691 ι).
724 617 855 689 Equidem
878 633 966 688 neque
991 633 1066 672 eam·
1115 617 1171 672 det.
1188 616 1266 672 llisee
1281 616 1406 672 omnibus
1418 616 1469 672 alia
1482 618 1641 673 mussitatio
1658 617 1754 673 aceedit
1763 618 1881 678 bitonilil

272 693 332 747 deni
354 690 439 745 multo
461 698 540 744 antea
563 689 726 758 publicatam
748 705 764 742 ι
789 687 918 743 Gratiano
935 688 1062 761 (uisnbb,
1115 686 1249 757 ascripta,
1273 687 1319 756 qui
1342 687 1534 757 septemdecim
1557 688 1667 743 circiter
1687 702 1808 744 summm
1828 692 1881 748 idn

272 778 297 817 e.
311 761 358 833 ιι)
379 761 493 830 indeque
508 768 643 829 sumptam
657 775 671 813 a
684 759 800 815 Baronio
813 757 886 830 (usi,
900 774 928 812 n.
946 758 1003 829 tt),
1018 772 1066 813 ue·
1115 757 1220 813 lescens
1242 757 1365 812 diadema
1389 758 1530 827 imperiale
1553 758 1726 827 suseipieusa
1737 757 1878 826 Gregorioi

270 848 323 901 que
336 832 415 887 istam
428 845 560 900 nuper-ain
573 830 730 885 Baroniariae
746 828 922 899 siibjectama
936 828 1063 900 Georgia,
1114 826 1187 881 adini
1199 842 1250 883 suo
1260 841 1306 881 an.
1320 827 1374 883 iiiiii
1385 836 1447 898 post
1464 829 1622 894 triennium,
1646 835 1675 882 ut
1696 828 1795 894 dieitur,
1819 830 1883 890 iilam

271 904 412 972 utramque
428 901 528 956 nullius
540 900 676 971 ponderis,
697 900 843 970 legentium
863 899 948 954 oeulis
964 911 1065 968 propo·
1114 897 1207 962 edidit,
1223 899 1258 953 ab
1271 898 1368 953 iisdem
1381 898 1538 954 auctoribus
1563 898 1674 954 relatmn
1689 897 1883 972 (destdtt,

271 988 343 1037 nain,
360 973 407 1028 sed
421 969 634 1027 commentitiam
659 969 731 1025 iliam
757 970 933 1039 impostorum
954 968 1064 1024 lieentia
1114 981 1141 1037 p.
1155 967 1223 1034 ιιιις
1240 967 1346 1039 Lunlg,
1373 966 1439 1023 Coti.
1467 967 1503 1023 lt.
1528 967 1611 1040 dipl,
1639 978 1702 1023 tom.
1725 969 1743 1032 i
1765 984 1791 1039 p.
1807 971 1835 1035 ι;
1860 983 1883 1029 ιι

271 1049 412 1104 mutatam,
443 1040 595 1111 ineptisque
621 1040 755 1110 oppletam
781 1039 977 1103 additionibus,
1003 1053 1065 1109 que
1115 1036 1188 1108 Spic.
1203 1052 1230 1108 p.
1246 1038 1266 1101 l,
1278 1053 1339 1162 pag.
1359 1037 1432 1110 ilo),
1448 1053 1506 1109 quae
1520 1053 1564 1108 ap.
1580 1038 1718 1121 lmnigium
1730 1038 1883 1098 inscribitur:

270 1112 341 1181 apud
364 1111 522 1167 Goldastum
546 1120 665 1181 prostat;
692 1110 791 1181 quippe
816 1124 898 1179 quain
924 1109 1065 1164 immensis
1117 1106 1246 1164 «Gitonis
1268 1108 1301 1163 ll
1325 1108 1403 1163 lioiii.
1427 1108 1493 1178 imp.
1521 1109 1687 1174 constitutio,
1708 1124 1758 1179 qua
1775 1112 1884 1168 sedilio-

270 1181 327 1238 lere
348 1182 548 1237 commentariis
568 1191 710 1237 oneratam
733 1180 854 1250 predicti
875 1178 1063 1248 iurisconsulti
1113 1193 1201 1233 manto
1213 1187 1317 1232 eertum
1329 1195 1362 1234 ιιι
1375 1178 1530 1234 civitatibus
1544 1179 1702 1248 quibusdam
1713 1181 1885 1249 patrimonium

269 1252 446 1309 adhibentad
475 1251 570 1306 larisam
597 1251 624 1305 in
644 1252 771 1306 mendam
799 1249 916 1306 indolem
941 1249 1063 1304 renovati
1113 1259 1243 1306 constans
1273 1250 1413 1319 assignat;
1444 1249 1705 1319 tamosissimsmque
1733 1249 1884 1307 Constantini

270 1322 385 1393 imperii,
399 1321 471 1391 quod
486 1266 813 1377 domanofleimantenm
827 1318 973 1391 appeliant.
992 1318 1063 1386 Quin
1114 1317 1202 1390 blagni
1217 1319 1282 1388 imp.
1298 1319 1471 1374 donationem
1487 1327 1644 1375 memorata
1657 1320 1712 1375 sedi
1725 1317 1827 1384 laetam,
1838 1329 1884 1377 eti

269 1393 361 1457 ιιιιιιι,
379 1407 440 1447 cum
463 1392 558 1446 sordes
583 1390 651 1446 istas
674 1405 783 1446 iuniore
805 1389 858 1444 nisi
883 1398 994 1445 coactus
1009 1405 1063 1445 uon
1113 1388 1211 1444 Carolo
1222 1389 1317 1460 blaigno
1329 1389 1395 1459 imp.
1412 1389 1599 1445 confirmatam
1611 1404 1661 1460 pro
1675 1388 1894 1471 licttctsupposi·.

269 1463 380 1527 soleam,
398 1470 503 1530 partem
523 1460 582 1530 ejus
606 1462 746 1524 duntaxat,
773 1475 833 1529 quae
854 1460 887 1513 ad
914 1474 970 1514 rem
987 1458 1061 1525 lacit,
1114 1459 1173 1514 titia
1184 1460 1329 1515 declarati
1342 1459 1417 1515 liesn
1438 1460 1517 1530 positi
1530 1459 1610 1528 liujus
1644 1459 1886 1517 strimoniieivitati·

268 1546 422 1602 excerpam,
439 1531 547 1585 omissis
561 1540 675 1596 carceris,
699 1545 854 1601 quanquam
880 1528 913 1584 aii
932 1530 1064 1599 impostu—
1113 1530 1164 1585 bus
1177 1538 1239 1584 octo
1254 1530 1391 1596 «Piscium,
1428 1547 1490 1596 nuo,
1506 1474 1672 1600 senogaliia,
1686 1529 1887 1593 breonal'ossa·

269 1618 327 1657 iam
350 1602 494 1656 tenendam
514 1602 813 1657 accommodatissime.
828 1600 866 1654 Ea
878 1612 944 1655 vcro
955 1608 997 1655 est
1009 1599 1062 1655 bu·
1112 1599 1210 1665 bruno,
1225 1599 1326 1664 Gallio,
1343 1601 1416 1666 litio,
1434 1609 1462 1656 et
1476 1601 1620 1664 llnsimo,i
1637 1609 1664 1655 et
1685 1600 1718 1655 de
1736 1599 1793 1653 aliis
1811 1602 1886 1654 omoi-

266 1671 395 1742 J'usmodi.
1112 1669 1172 1732 bus,
1194 1685 1254 1740 quac
1267 1671 1395 1729 continet,
1417 1670 1646 1726 animaduersioni
1660 1669 1731 1742 Pagii
1749 1669 1816 1742 (soa,
1827 1685 1852 1723 ι.
1861 1671 1886 1741 ιι

304 1741 336 1797 li.
360 1742 451 1797 iidem
474 1742 548 1797 enini
571 1750 682 1797 sanctus
701 1742 744 1796 vir
759 1738 915 1815 (Adrianus)
928 1740 1061 1812 synodum
1078 1740 1181 1832 Bniliil
1206 1740 1303 1795 addam
1323 1759 1330 1795 ε
1353 1741 1434 1805 slot,
1461 1742 1557 1810 inquit,
1585 1738 1644 1795 lere
1668 1739 1814 1805 mendacia,
1830 1749 1887 1812 quot

268 1814 451 1884 congregavit,
481 1821 509 1867 et
535 1812 563 1867 in
586 1812 731 1882 prasentia
754 1810 885 1877 ninnium,
910 1826 1060 1881 eorumque
1113 1812 1227 1867 verba.»
1248 1808 1438 1867 iurisconsulti
1451 1811 1503 1882 ipsi
1520 1810 1740 1866 constitutionem
1750 1810 1807 1865 aliis
1819 1821 1887 1866 uten-

268 1882 430 1938 auctoritate
452 1882 567 1937 Domino
589 1881 686 1938 carolo
708 1881 887 1938 invictissimo
909 1881 989 2004 ΨΒ
1002 1883 1061 1952 regi
1112 1881 1175 1937 dam
1199 1879 1375 1952 reliquerunt,
1397 1890 1491 1951 utpote
1505 1882 1548 1936 cui
1562 1897 1624 1937 cuin
1640 1881 1698 1953 lege
1709 1881 1782 1951 regia
1793 1888 1819 1936 ιι
1828 1880 1887 1936 miti

268 1951 433 2008 Francorum
447 1960 475 2007 et
487 1952 725 2034 Langobardorum
743 1967 776 2006 ae
787 1951 903 2023 patricio
944 1966 1059 2017 ornatio,
1111 1964 1145 2021 pa
1201 1951 1552 2008 Leonisminusoonvenit.

268 2022 380 2091 suisque
403 2024 606 2077 suecessoribus
632 2037 744 2093 regnum
768 2021 872 2087 ltaliae,
900 2020 1062 2090 patriciatus
1147 1967 1192 2078 W
1208 2020 1328 2092 Utraque
1350 2023 1457 2086 barum,
1479 2022 1561 2078 veluti
1582 2019 1822 2077 substmctiouiimt
1839 2021 1890 2076 niti·

266 2092 436 2162 dignitatem,
460 2107 493 2147 ac
515 2091 713 2147 ordinationem
732 2092 804 2147 sedis
824 2091 981 2163 apostolicae
996 2107 1062 2147 coii-
1112 2099 1166 2158 tar,
1177 2092 1352 2162 iurisperitus
1368 2092 1401 2148 de
1415 2107 1468 2162 qiio
1481 2093 1596 2165 agimus,
1608 2092 1682 2161 quod
1694 2093 1832 2161 scriptores
1846 2090 1888 2161 ipsi

266 2161 359 2228 cessit,
380 2161 490 2286 iamper
504 2170 531 2217 et
547 2164 751 2233 episcopatuum
773 2162 962 2230 investituras,
986 2163 1063 2219 velut
1111 2162 1202 2288 palam
1222 2161 1351 2217 latentur.
1371 2162 1430 2217 Ειιι
1446 2163 1568 2219 omnium
1584 2163 1674 2217 instar
1686 2161 1807 2218 stravius
1819 2162 1888 2233 (dei.

267 2232 319 2303 ipsi
343 2246 406 2287 cunt
450 2232 597 2289 iscietione
613 2243 640 2288 ιι
656 2232 808 2288 reverentia
835 2231 942 2288 libitum
966 2230 1060 2301 luerit,
1137 2231 1193 2298 ut,
1207 2247 1232 2288 c.
1248 2231 1273 2297 i,
1290 2232 1304 2306 ι
1320 2233 1348 2305 5)
1366 2234 1411 2303 qui
1429 2232 1550 2302 ciusdem
1571 2234 1707 2304 antipapae
1721 2231 1889 2287 consulationi

266 2311 367 2372 prater
383 2317 451 2372 quos
471 2311 526 2358 tana
564 2303 666 2358 ontillci
690 2318 803 2359 summat
820 2303 903 2369 sedis,
919 2317 999 2373 quani
1015 2319 1061 2358 ar·
1113 2302 1268 2357 inhaerens:
1286 2320 1296 2353 t
1311 2303 1513 2372 Eiboepacto,
1527 2300 1888 2374 inquinjuiaimperiiliom.

267 2372 448 2443 ebiepiseopis
465 2373 523 2443 ipse
555 2372 655 2428 'colus
680 2373 799 2443 reliquit.
824 2373 833 2428 l
853 2373 909 2427 itur
931 2387 982 2428 uos
1005 2372 1061 2429 Leo
1131 2372 1185 2427 uod
1207 2373 1347 2442 bucusque
1368 2372 1467 2429 Franci
1489 2375 1677 2446 possederant,
1702 2372 1736 2427 ad
1759 2370 1891 2427 Germanos

266 2457 363 2498 servus
381 2457 523 2498 sertorum
540 2443 587 2498 liei
603 2442 755 2525 episcopus,
770 2442 805 2497 ad
821 2390 892 2498 idem
905 2443 1061 2512 exemplum
1112 2385 1205 2510 gelati,
1230 2451 1293 2498 sunt
1314 2444 1440 2513 petenda,
1469 2446 1533 2500 dum
1560 2443 1675 2498 liomani
1694 2457 1710 2497 a
1732 2441 1836 2497 Francis
1850 2455 1891 2511 pro

267 2512 393 2577 Adriani,
420 2529 482 2569 cuni
504 2523 603 2569 cuncto
625 2513 750 2568 similiter
773 2512 856 2579 clero,
882 2520 910 2568 et
932 2513 1061 2569 universo
1112 2512 1241 2569 derelicto
1263 2512 1349 2568 babiti
1371 2513 1433 2582 jura
1457 2513 1570 2570 dominii
1593 2513 1691 2570 directi
1709 2528 1760 2567 una
1775 2527 1830 2567 cum
1845 2510 1890 2565 lm·

301 2583 365 2653 pulo
384 2583 514 2647 Romano,
533 2583 713 2654 omnibusque
732 2582 872 2638 ordinibus
886 2580 967 2652 liuius
981 2583 1061 2639 alinae
1110 2584 1187 2652 perio
1200 2583 1323 2639 liomano
1340 2586 1366 2638 in
1387 2583 1522 2648 (itionem,
1544 2585 1720 2656 ejusdemque
1739 2595 1892 2638 successores

294 2654 360 2720 ibis,
376 2653 446 2708 sieut
458 2653 485 2708 lu
496 2653 553 2709 suls
564 2653 707 2723 scripturis
720 2659 842 2723 apparet,
858 2654 1059 2720 constituimus,
1113 2665 1190 2723 reges
1204 2653 1356 2710 Germaniae
1372 2655 1551 2722 contulerint;
1571 2656 1608 2711 its
1631 2662 1660 2710 ut
1681 2667 1750 2710 nexu
1770 2665 1891 2721 nunquan
1970 2691 1971 2696 1

264 2723 739 2788 coullrmanusctcorroboramus,
757 2732 786 2777 ιι
802 2733 1062 2794 pernostramapo-
1112 2723 1249 2790 violando,
1276 2733 1355 2793 pacto
1379 2725 1589 2796 inperpetuum
1610 2722 1739 2788 valituro,
1764 2722 1799 2777 ini
1844 2721 1892 2775 iam

264 2792 388 2853 stobcam
411 2793 601 2850 auctoritatem
627 2793 801 2851 concedimus
825 2801 907 2875 atque
928 2793 1061 2865 largimur
1111 2789 1265 2849 Romanuin
1278 2809 1340 2850 cum
1353 2809 1437 2866 regno
1447 2795 1610 2853 Germanico
1620 2794 1788 2867 jungeretur.
1822 2785 1893 2861 iqbo

264 2863 365 2919 domno
389 2861 480 2919 Ottoni
505 2864 594 2934 primo
616 2862 738 2935 Augusto
761 2862 973 2920 Teutonicorum
998 2863 1060 2935 regi
1111 2862 1188 2919 initia
1200 2873 1227 2919 ιι
1244 2861 1417 2920 fundamenta
1430 2862 1501 2934 juris
1519 2866 1619 2937 publici
1645 2864 1750 2936 imperii
1773 2862 1892 2917 Romam

264 2934 494 3004 prudentissimo,
518 2934 651 3003 spirituali
676 2935 703 2990 in
726 2933 836 2990 Gbristo
859 2933 915 2990 lilio
944 2943 1059 3000 nostro,
1110 2932 1276 3000 Germanici,
1294 2932 1393 3005 dequo
1408 2936 1522 3007 aglnms,
1540 2946 1605 2992 suut
1619 2935 1772 3007 petenda.»
1792 2931 1893 2987 Factum

264 3003 378 3074 eiusque
398 3004 602 3060 suecessoribus
624 3002 704 3074 buius
726 3004 801 3087 regni
822 3004 907 3061 ltaliae
921 3004 948 3060 in
963 3020 1060 3077 perpe·
1110 3019 1212 3076 negare
1227 3004 1334 3060 inscitia
1349 3015 1430 3062 esset.
1447 3004 1514 3061 liam
1529 3005 1673 3063 Goiiradus
1691 3002 1816 3059 Friderici
1834 3000 1893 3055 Sus

265 3082 343 3130 tuum
357 3073 478 3131 tanasibi
487 3073 642 3130 laenitatem
651 3075 768 3146 eligendi
781 3088 965 3130 successorem
975 3091 1057 3158 quam
1112 3076 1163 3132 vim
1177 3074 1254 3131 ducis
1269 3072 1363 3142 irater,
1390 3083 1420 3131 ut
1438 3092 1567 3132 coronam
1589 3075 1698 3146 imperii
1739 3088 1799 3128 uam
1823 3071 1894 3125 vele·

265 3159 379 3223 summae
396 3143 645 3227 sedisapostolicae
668 3144 826 3227 pontilicem
849 3144 992 3228 ordinandi
1006 3163 1013 3199 ι
1027 3119 1097 3202 acc
1113 3152 1218 3228 menter
1241 3146 1363 3216 optabat,
1387 3161 1449 3203 asse
1469 3155 1588 3212 ucietur,
1619 3157 1703 3216 atque
1720 3087 1808 3200 'inite
1831 3139 1892 3221 rogi

264 3228 314 3285 per
334 3214 386 3270 boe
405 3215 633 3285 archiepiscopos,
656 3230 704 3271 seu
723 3230 875 3285 episcopos,
893 3223 923 3271 ut
935 3230 986 3287 ipsi
1001 3223 1061 3270 tan·
1113 3216 1222 3271 titulum
1241 3217 1276 3271 ad
1300 3215 1328 3273 iti
1350 3232 1404 3271 nori
1425 3163 1547 3274 sufficere
1563 3217 1739 3289 intelligeret,
1755 3213 1894 3269 Germanici

265 3292 325 3340 tum
339 3284 373 3341 ab
385 3299 419 3339 eo
431 3283 619 3340 investituram
636 3286 772 3356 accipiant
787 3292 815 3342 ιι
829 3287 1060 3342 consecrationem
1111 3287 1188 3358 regni
1200 3301 1328 3343 eoronam
1340 3286 1452 3358 adipisci
1463 3287 1551 3344 modis
1559 3288 1689 3344 onuiibus
1701 3284 1813 3349 curavit,
1823 3294 1894 3350 quini

267 3354 421 3438 ubieunque
434 3354 607 3426 pertinuerit,
623 3355 744 3426 exceptis
756 3355 809 3423 liis,
823 3370 892 3439 quos
911 3355 1059 3426 imperator
1110 3356 1209 3413 aeinulo
1221 3356 1379 3413 lotliarioll
1389 3359 1535 3414 decedente
1545 3359 1664 3429 adeptus
1676 3353 1728 3411 luit
1745 3369 1814 3434 anuo
1825 3349 1893 3415 tias,

265 3423 388 3496 pontillci
416 3433 445 3479 ιι
475 3426 687 3508 arciiiepiscopis
714 3433 859 3483 concessit.
885 3427 925 3483 lta
950 3429 1059 3484 demum
1111 3442 1199 3498 neque
1212 3427 1283 3483 ullus
1295 3440 1329 3481 ιι
1339 3427 1447 3499 inclytis
1462 3428 1678 3484 diemanuorum
1693 3424 1852 3497 principibus
1865 3418 1894 3474 td

265 3494 421 3557 asserimus.
437 3496 508 3564 quod
518 3510 599 3551 nemo
611 3495 737 3566 deinceps
751 3494 933 3568 cujuscunque
947 3497 1057 3567 gradus,
1111 3495 1313 3568 imperatoriam
1334 3496 1504 3568 majestatem
1523 3499 1659 3569 pervenit,
1676 3497 1742 3568 quin
1755 3488 1895 3550 Germanic

267 3563 310 3621 vel
322 3564 494 3628 conditionis,
509 3573 557 3620 aut
568 3565 718 3636 dignitatis,
734 3582 782 3623 seu
794 3567 933 3639 religionis
943 3568 1059 3640 eligendi
1110 3576 1275 3624 reseremus
1293 3575 1374 3623 esset.
1392 3568 1492 3636 Quare,
1515 3569 1587 3639 quod
1608 3565 1821 3636 Garolingiorum
1834 3569 1895 3616 tem

266 3649 357 3705 regem
371 3634 413 3690 vei
429 3636 582 3706 patricium.
597 3637 655 3693 sive
673 3636 827 3708 pontilinem
851 3653 964 3694 sumniae
987 3638 1059 3695 sedis
1108 3652 1175 3708 pore
1190 3638 1338 3710 168¹1⁰¹¹
1353 3638 1405 3695 luit
1417 3639 1445 3695 iii
1459 3654 1534 3695 more
1546 3639 1678 3710 positum,
1695 3653 1728 3693 ea
1741 3628 1893 3692 consuetudo

265 3704 430 3788 apostolicae,
457 3713 504 3761 aut
528 3720 717 3831 quemcunque
737 3709 903 3789 episcopum,
929 3708 971 3764 vei
985 3708 1060 3765 ordi·
1108 3715 1170 3779 post
1182 3711 1296 3764 titiones
1306 3707 1416 3766 inducta
1429 3716 1481 3776 est,
1494 3718 1524 3765 ut
1537 3710 1564 3764 ln
1579 3708 1729 3766 Germania
1741 3720 1789 3762 ιιι
1805 3701 1895 3782 Roma·

266 3775 348 3831 naudi
360 3776 460 3834 ιιιιιιιι
471 3775 531 3833 lacu
543 3785 636 3843 tatem,
655 3779 702 3834 sed
716 3778 766 3834 soli
778 3791 834 3848 regi
845 3776 961 3834 liumaui
974 3780 1059 3850 impo-
1109 3794 1218 3842 uorum,
1231 3776 1339 3834 lutums
1351 3779 1499 3850 imperator
1511 3787 1702 3842 coronaretur,
1717 3774 1811 3832 deinde
1821 3770 1894 3826 italie

265 3847 299 3901 rii
323 3846 394 3902 bano
419 3847 594 3902 reserandam
617 3848 763 3905 tribuimus
786 3847 952 3915 facultatem,
975 3865 1059 3921 quani
1109 3848 1185 3921 regui
1196 3848 1319 3904 diadema
1332 3850 1491 3920 susciperet,
1506 3865 1539 3905 ae
1555 3851 1668 3905 denium
1679 3848 1772 3904 none
1787 3843 1893 3912 imperi·
1945 3861 1948 3870 ⁴

266 3916 454 3999 absque-omui
501 3918 581 3974 cunia
595 3916 730 3990 disponet,
747 3935 779 3975 ac
791 3935 820 3974 ιι
838 3926 876 3986 ιι,
892 3926 986 3990 utpote
999 3935 1057 3987 ιιι,
1108 3926 1153 3973 ιιι
1165 3919 1242 3975 lieret
1256 3934 1272 3974 a
1287 3918 1410 3975 Romano
1421 3920 1559 3991 poiitiliee,
1573 3927 1604 3974 ut
1620 3919 1676 3976 late
1686 3927 1729 3974 est
1739 3911 1895 3997 demonstat·

265 3994 292 4069 et
304 3996 435 4069 patricius
469 4003 605 4071 omanus..
621 4009 630 4043 ι
653 3990 792 4046 llactenus
813 3935 848 4045 fe
871 3991 1058 4046 commentitia
1110 3996 1166 4045 tum
1179 3989 1260 4067 iliiss.
1274 3989 1299 4055 l,
1311 4005 1339 4045 ii.
1348 3990 1385 4046 ιι
1395 3993 1495 4062 seqqi:
1505 3989 1541 4044 st
1551 3989 1659 4116 dedum
1673 4002 1752 4045 secus
1764 3982 1893 4041 dicendum

265 4065 317 4112 ista
337 4067 539 4122 constitutione,
556 4075 600 4113 cui
617 4060 718 4130 nequid
735 4060 814 4125 desit,
843 4060 968 4117 iudicare
990 4059 1059 4132 legis
1108 4059 1194 4116 estli
1232 4073 1266 4115 ue
1276 4059 1347 4115 enim
1361 4061 1515 4131 quicunque
1525 4076 1573 4116 ιιι
1608 4055 1892 4117 ιιιιιιιιιιιιιιιιιιιιι,

266 4131 346 4198 regite
356 4125 477 4183 Adriano
488 4128 583 4185 afficta
596 4130 702 4185 titulum
716 4128 860 4201 (Gnidum,
879 4128 970 4186 Cosst.
985 4130 1056 4203 imp.
1108 4129 1188 4187 simul
1230 4131 1294 4186 ebat
1316 4130 1571 4201 imperatumquus
1585 4135 1627 4187 rei
1645 4138 1731 4186 testes
1749 4133 1811 4184 suut
1830 4121 1894 4178 lieri·

265 4205 332 4252 tom.
345 4194 367 4261 l,
380 4211 406 4266 p.
426 4197 476 4264 lit;
495 4199 602 4270 iuirtg,
627 4196 658 4253 G.
680 4199 717 4254 ιι.
734 4199 819 4271 dipl,
847 4210 913 4256 tout.
936 4201 957 4266 l,
978 4214 1006 4271 p.
1030 4201 1057 4274 l)
1108 4201 1182 4257 ricus
1195 4214 1244 4257 rex
1260 4198 1414 4258 seruante
1433 4201 1479 4269 lv,
1501 4201 1652 4271 praedictus
1673 4197 1813 4257 Comedus
1834 4190 1893 4271 Geir

265 4264 426 4336 subjiciam:
455 4266 532 4324 «Lex
560 4268 634 4338 regia
660 4269 767 4339 imperii
795 4270 972 4337 Francorum,
1001 4271 1058 4326 sive
1108 4271 1206 4328 maniae
1224 4269 1317 4336 rexll,
1332 4270 1500 4343 liudolphus,
1514 4271 1668 4338 (dcelectis
1682 4259 1893 4339 temporeltititt

264 4336 423 4393 constitutio
436 4337 570 4393 Adriani!
599 4347 656 4392 aut.
667 4355 739 4394 max.
753 4339 897 4411 populique
913 4341 991 4396 lioin.
1003 4357 1058 4412 qua
1108 4344 1194 4398 interr
1228 4342 1267 4406 ui,
1288 4341 1360 4411 quod
1382 4342 1421 4398 illi
1442 4341 1589 4414 appellant,
1612 4342 1683 4397 nibil
1703 4336 1801 4407 dicam)
1820 4331 1893 4388 ildoi-

266 4406 293 4461 ιιι
304 4405 430 4461 Gai-olum
442 4406 566 4486 lingnum
580 4354 730 4465 fiomauuin
741 4410 932 4481 imperatorem
945 4409 1058 4482 ejusque
1128 4413 1190 4477 lius,
1236 4411 1338 4468 ibertus
1352 4410 1372 4476 i,
1391 4413 1544 4469 bodonicus
1562 4412 1697 4474 liaiarus,
1717 4403 1891 4464 wenceslaus,

266 4490 439 4532 successores
447 4490 500 4558 ¹tus
521 4478 676 4562 pontilloem
695 4479 843 4563 Ramnes
855 4497 909 4564 uon
922 4482 1057 4565 areliiepi·
1073 4428 1254 4547 lifiobertus
1279 4482 1406 4565 biberius
1421 4483 1483 4540 llet
1497 4481 1703 4567 llasimilianns
1713 4494 1791 4551 reges
1804 4475 1894 4531 limna-

239 4548 1058 4689 ·bestialitatem}tttdltslbtsl:tit
1108 4551 1893 4696 timidissimisdistitistabiliat

263 4685 379 4767 latum»
397 4701 477 4757 quain
492 4688 596 4745 scilieet
616 4689 704 4762 legem
721 4691 802 4748 ιιιιιιι
817 4692 894 4749 aiunt
907 4709 978 4749 anno
992 4694 1055 4761 ιιι,
1107 4710 1168 4749 rum
1190 4693 1279 4750 nullus
1291 4709 1307 4747 a
1319 4692 1443 4750 Romano
1462 4697 1591 4765 pontilioe
1610 4691 1767 4764 imperialia
1788 4688 1893 4765 insignit

264 4756 291 4811 id
305 4764 347 4811 est
359 4767 436 4839 seito
454 4767 483 4813 et
499 4759 629 4830 vigesimo
641 4770 703 4817 aute
719 4764 921 4820 renovationem
937 4765 1054 4836 imperii.
1106 4763 1234 4834 suscepit,
1251 4762 1330 4832 inxit
1343 4765 1514 4836 congenitam
1529 4773 1669 4820 renovatae
1681 4757 1815 4831 majestati
1826 4752 1893 4808 ludii

260 4853 266 4864 ι
298 4825 341 4907 lll.
357 4827 557 4910 Titulos-etiam
577 4834 849 4890 senatus-consultor.
865 4834 978 4905 perinde
992 4851 1056 4906 sup
1106 4835 1174 4906 leni.
1193 4835 1285 4903 licque
1308 4833 1461 4890 llomauuui
1482 4835 1627 4904 imperium
1644 4835 1673 4889 iii
1689 4834 1754 4889 illud
1768 4829 1891 4884 ιιιιιιιιι

262 4904 411 5020 [οιιιιιιιιιιι
434 4898 558 4969 ιιιιιιιιιι
580 4900 735 4969 (Galaesi,
761 4902 838 4971 ibid,
856 4917 884 4975 p.
899 4904 963 4971 ιιι,
984 4905 1054 4974 22l;
1105 4904 1260 4962 Germanici
1278 4915 1322 4960 cst
1339 4920 1502 4961 conversum
1525 4905 1611 4961 nisi'a
1629 4902 1808 4976 scriptoribus
1827 4909 1890 4973 ⁰⁰¹¹?

285 4982 370 5049 imvg,
385 4966 458 5040 Spic.
469 4968 543 5024 Emi.
555 4977 628 5026 oont.
643 4971 687 5039 ll,
700 4988 761 5046 pag.
774 4974 819 5041 65,
832 4988 860 5045 p.
873 4991 893 5042 i,
904 4990 965 5047 pag.
978 4976 1053 5050 isti),
1105 4976 1229 5032 mentitia
1246 4991 1278 5032 ιι
1293 4986 1468 5031 monumenta
1487 4987 1598 5043 secutis,
1624 4990 1688 5045 qum
1710 4987 1792 5042 supra
1811 4961 1891 5046 ailulis

261 5052 361 5108 quippe
381 5053 441 5107 quae
460 5040 526 5095 mibi
550 5040 677 5097 videntur
688 5058 722 5099 ιι
735 5059 789 5100 una
800 5046 950 5116 eademque
963 5045 1055 5118 ligiiiia
1105 5047 1332 5118 quemadmodum
1362 5044 1432 5102 inira
1458 5046 1567 5117 planum
1597 5046 1683 5102 ιιιιιι
1716 5037 1892 5109 Rudolpbiuut

263 5107 608 5191 proiectaunaeademque
620 5109 728 5169 fortuna
742 5130 791 5170 usa
804 5130 874 5172 esse.
886 5115 986 5173 Eurum
1018 5118 1055 5173 ri-
1106 5118 1190 5174 eodex
1213 5125 1428 5173 commentorum
1449 5116 1604 5187 hujusmodi
1627 5130 1750 5181 eversor,
1769 5119 1799 5192 et
1817 5116 1891 5162 tum

262 5193 335 5232 mum
346 5180 418 5234 bunc
428 5180 534 5235 titulum
544 5181 670 5251 prefert:
687 5202 697 5236 ι
716 5183 988 5244 Senatusconsuitum
1027 5204 1055 5244 o
1104 5188 1177 5245 bulla
1190 5185 1324 5244 Carolilil
1338 5202 1391 5257 qua
1405 5192 1751 5244 sanetiusmouumeiitum
1765 5180 1892 5258 luriidiiii‘

264 5263 407 5304 manorum
421 5249 454 5305 de
471 5250 627 5378 legeregia,
646 5268 808 5337 quaapapa
823 5255 853 5312 S.
867 5258 898 5312 P.
913 5257 946 5327 Q.
960 5258 1054 5328 liius
1104 5259 1168 5316 sulti
1181 5259 1263 5315 iidem
1280 5258 1502 5315 constantissimo
1529 5257 1668 5314 intimant
1693 5272 1748 5313 uon
1776 5260 1890 5322 reperiri·

262 5329 403 5385 amnesi
460 5330 545 5378 testas
591 5324 864 5395 ttonilimperatori,
890 5330 966 5385 etin
988 5345 1053 5386 cuin
1105 5329 1253 5399 Utrobique
1268 5329 1342 5384 enim
1358 5328 1510 5387 Romanuin
1529 5329 1692 5400 imperium
1718 5334 1747 5382 st
1767 5322 1893 5401 Romano·

262 5387 413 5475 consertum
446 5391 501 5472 6]
508 5391 761 5453 ltemdeelectione
773 5396 853 5454 Rom.
864 5400 1010 5469 pontilicis,
1025 5408 1053 5456 ιι
1103 5400 1305 5465 Germanicum,
1321 5411 1408 5471 neque
1427 5400 1476 5465 ibi,
1496 5414 1583 5472 neque
1606 5412 1727 5480 usquam
1746 5398 1890 5476 repenlnrj

263 5455 429 5517 investituris
438 5464 757 5535 episcoporum.ibltero
767 5469 1052 5543 ierobtepreiigtmr:
1103 5471 1251 5542 idquippe,
1275 5470 1298 5525 si
1318 5470 1453 5536 nesciant,
1472 5470 1585 5527 Romani
1598 5477 1775 5540 maiestatem
1794 5471 1891 5530 impetu

265 5527 575 5613 ‘senatusconsultum
601 5534 753 5592 liomanum
765 5539 800 5595 (ie
811 5541 986 5597 restituendis
999 5542 1054 5596 lio-
1105 5541 1261 5607 iebelaetat,
1288 5543 1360 5611 qvod
1388 5556 1439 5597 nee
1461 5541 1618 5611 pontiliocs,
1646 5554 1699 5596 uec
1724 5538 1892 5605 imperatores

263 5611 343 5681 iuano
353 5616 466 5672 irnperio
478 5606 603 5661 omnibus
614 5609 817 5679 temporalibus,
831 5626 891 5681 quar
900 5625 950 5683 per
964 5627 1051 5682 reges,
1104 5613 1238 5669 cnuitasse
1251 5628 1369 5684 uuquam
1383 5613 1486 5668 creditu
1501 5611 1622 5683 prodire
1637 5620 1692 5667 est.

262 5679 486 5758 acniinpeiatores.
501 5671 628 5731 Ecclesiae
643 5676 772 5735 liomants
791 5681 888 5736 collata
908 5680 1050 5738 lucranti
1138 5655 1172 5738 ii.
1187 5681 1263 5750 Quod
1283 5684 1405 5738 absolute
1422 5682 1575 5754 negandum
1593 5696 1651 5737 nou
1665 5681 1783 5740 videtur.
1796 5672 1888 5747 cmii

263 5737 416 5801 binusniudi
428 5743 519 5809 putida
532 5743 657 5813 liginenta
670 5747 752 5804 italus
764 5752 896 5806 annalista
913 5754 1053 5808 oll'cndcns
1103 5754 1192 5808 riusi'
1211 5754 1245 5807 ad
1264 5767 1344 5824 quem
1366 5753 1532 5809 hauddubie
1550 5751 1728 5824 imperatoria
1744 5760 1787 5803 res
1800 5752 1888 5816 pisci·
