4050 6192
305 294 369 351 trrr
760 290 790 346 o.
808 287 933 347 canoni
949 287 1057 345 mium
1074 284 1445 347 concursumque
1462 291 1495 349 u.
1848 300 1901 354 tus

302 406 378 478 gelus
391 405 512 463 intulisse
527 404 675 461 credendus
689 414 740 469 est,
754 419 915 461 consensum
929 403 1008 459 rebus
1026 415 1088 472 pro
1102 407 1123 463 Α
1139 415 1245 471 scopus,
1262 404 1304 458 cui
1323 402 1420 459 diuinae
1439 402 1505 474 legis
1527 405 1610 461 arrrris
1628 414 1721 461 eontra
1746 410 1902 468 somniatores

303 497 396 553 bibitis
408 494 496 568 angeli
508 496 646 552 exhibent.
662 495 720 551 Non
733 503 824 551 autem
836 495 925 566 augeli
938 495 1018 552 rebus
1030 509 1090 565 pro-
1138 491 1180 547 vcl
1195 500 1307 549 caeteras
1331 493 1433 550 nutrias
1458 493 1653 565 confligendum
1672 505 1741 562 etei,
1754 498 1849 555 somnia
1867 518 1903 557 ar·

303 584 397 641 bibitis
420 584 461 641 tel
483 584 571 640 noxiis
592 599 641 640 seu
658 584 757 659 diuinis
776 585 885 641 monitis
906 585 1091 641 obnitentibus
1138 580 1290 637 ebidiacoui
1313 583 1354 638 sui
1374 584 1476 639 adrem
1491 584 1612 639 inutilem
1630 583 1805 641 roborandam
1824 588 1849 642 iu
1868 605 1903 661 sy·

302 687 463 729 eonsensum
486 673 623 739 exhibent,
648 673 759 744 spiritus
778 673 860 743 igitur
876 673 998 729 incentor
1017 673 1044 727 id
1064 673 1089 728 ei
1139 672 1209 727 nodo
1222 673 1322 728 retulit.
1338 672 1402 753 llaec
1421 674 1493 729 euim
1517 674 1593 745 parvi
1614 675 1753 744 pendenda
1770 692 1819 732 uon
1831 679 1903 737 solum

303 763 425 819 intulisse
437 762 587 820 credendus
598 772 650 818 est.
664 764 731 820 Cum
744 779 809 836 ergo
821 766 963 834 probatum
977 766 1012 821 sit
1025 763 1051 819 id
1064 765 1089 819 ci
1139 762 1236 818 dirime
1250 762 1317 834 logis
1336 764 1463 829 oraculis,
1479 765 1526 820 sed
1540 772 1567 819 et
1586 764 1612 819 io
1632 765 1698 835 ipsis
1720 766 1850 837 gentilium
1868 785 1903 825 rc·

303 854 337 909 ab
352 853 446 924 angelo
460 860 554 909 sancto
566 853 677 927 minime
689 853 772 909 luisse
785 854 945 920 exhibitum,
965 870 998 911 eo
1017 854 1089 925 quod
1138 854 1242 924 peritur
1251 854 1359 911 litteris.
1370 854 1416 909 Ait
1429 855 1503 911 euim
1515 855 1691 927 philosophus
1702 855 1784 914 Cato:

301 957 363 998 eum
375 943 485 1013 spiritus
497 943 525 998 in
537 943 578 998 sui
591 942 738 1000 conditoris
750 943 828 1000 laude
840 944 966 1000 contiuua
983 960 1090 1016 perma-

301 1041 437 1097 nenteset
451 1041 562 1103 peccato
578 1047 691 1103 prorsus
709 1044 842 1101 carentes,
861 1050 905 1090 res
921 1035 1041 1106 impuras
1062 1042 1090 1091 et

300 1121 406 1179 delictis
421 1124 553 1180 obnoxias
564 1125 670 1194 penitus
680 1126 809 1189 abnuant,
821 1133 904 1199 restat
917 1132 946 1180 ut
957 1132 1005 1180 ant
1016 1124 1090 1180 delu-

300 1213 377 1270 sione
386 1199 544 1284 nequissimi
556 1215 667 1284 spiritus
684 1214 712 1271 iel
726 1214 779 1270 sibi
795 1213 913 1270 fateatur
927 1214 1088 1280 exhibitum,
1139 1212 1205 1268 Nam
1216 1213 1238 1269 si
1252 1212 1312 1283 quis
1322 1211 1392 1268 lorte
1411 1213 1664 1281 nobissuecensere
1679 1214 1787 1280 nitatur,
1801 1230 1830 1270 eo
1845 1216 1902 1285 quoi

300 1302 1090 1374 autseprorsustesteturluissementitum,quodutrumque
1139 1304 1278 1377 gentilium
1300 1305 1382 1360 verba
1404 1311 1498 1360 nostro
1515 1304 1679 1359 inseruimus
1691 1306 1774 1375 operi,
1787 1305 1849 1376 legat
1858 1306 1902 1376 pri·

300 1399 388 1456 servis
401 1399 449 1455 liei
463 1415 518 1455 nou
531 1398 666 1454 convenit.
679 1396 746 1451 Nam
756 1405 783 1453 ct
793 1397 934 1467 spiritibus
945 1396 1090 1459 immundis
1139 1408 1213 1449 mum
1235 1392 1320 1449 libros
1340 1390 1559 1448 beatissimorum
1585 1402 1668 1462 atque
1684 1392 1901 1449 eruditissimorum

302 1488 435 1546 catholico
447 1488 547 1558 cuique
564 1488 743 1547 resistendum
761 1495 813 1553 est,
832 1486 936 1542 dicente
948 1486 1087 1557 apostolo,
1139 1485 1260 1543 virorum
1272 1482 1439 1555 Hieronymi,
1450 1483 1507 1538 sive
1518 1481 1675 1555 Augustini,
1689 1491 1716 1540 et
1729 1498 1787 1539 mox
1806 1492 1832 1538 ut
1843 1484 1867 1539 in
1877 1485 1901 1538 il

303 1579 425 1634 lieristite
436 1578 551 1645 diabolo,
566 1588 590 1635 et
605 1578 687 1651 lugiet
700 1596 717 1633 a
731 1577 802 1633 uobis
816 1577 886 1652 (irc.
901 1575 958 1647 rv);
973 1585 1000 1631 ct
1012 1590 1089 1632 men·
1140 1572 1397 1647 lorumopuseulls,
1422 1589 1475 1630 nou
1503 1574 1589 1630 solnm
1617 1573 1840 1645 philosophorum,
1865 1575 1902 1631 sed

302 1671 409 1728 dacium
422 1669 601 1741 spernendum
611 1676 666 1738 est,
675 1669 780 1726 dicente
792 1669 931 1745 Scriptura
944 1685 951 1722 ε
965 1667 1029 1723 Noli
1041 1667 1090 1723 uel·
1115 1688 1124 1705 ·
1139 1668 1221 1723 etiam
1233 1664 1374 1737 poetarum
1389 1666 1531 1736 gentilium
1544 1667 1669 1737 maedam
1682 1666 1760 1722 rerba
1781 1666 1900 1737 repererit,

302 1762 327 1817 le
348 1762 452 1816 mentiri
477 1778 551 1821 omme
569 1760 746 1825 menducium,
768 1761 908 1815 usuduitur
931 1758 1000 1813 euim
1017 1757 1089 1812 illisa
1105 1737 1126 1797 Β
1140 1772 1191 1814 uos
1205 1757 1348 1827 magistros
1369 1763 1396 1811 et
1417 1765 1551 1821 auctores,
1567 1772 1684 1829 quorum
1704 1757 1809 1829 uestigia
1831 1757 1902 1826 sequi·

302 1868 355 1906 uon
372 1852 439 1906 dona
461 1850 555 1925 (Ereti.
573 1850 632 1922 vu).
648 1849 781 1909 Probamli
799 1852 916 1919 interea,
930 1848 1008 1920 juxta
1023 1865 1088 1921 apo·
1139 1862 1210 1911 mur,
1236 1845 1337 1901 babere
1360 1853 1513 1917 cognoscet,
1537 1861 1599 1902 eum
1621 1847 1722 1917 quibos
1748 1862 1796 1903 nee
1818 1845 1901 1917 culpari

301 1943 364 2000 stoli
382 1943 553 2011 seutentiam,
572 1942 683 2014 spiritus
701 1952 774 2008 sunt,
795 1959 829 1998 an
850 1957 884 1998 ex
904 1941 959 1998 lieo
979 1941 1044 2007 sint,
1062 1949 1089 2019 et
1139 1938 1291 2001 abnuimus,
1307 1951 1358 1993 nee
1377 1932 1537 2007 reprebendi
1553 1938 1747 1995 erubescimus.
1760 1938 1822 1994 llam
1832 1946 1858 1992 ut
1871 1937 1902 1991 al

299 2031 375 2104 juxta
393 2032 520 2090 Veritatis
532 2048 626 2093 vocem
637 2049 652 2088 a
665 2032 797 2089 fructibus
811 2016 1087 2104 suts'cognoscuntur.
1140 2031 1194 2084 tius
1207 2035 1370 2097 repetamus,
1380 2042 1428 2083 vas
1438 2027 1519 2082 etiam
1530 2027 1672 2085 electionis
1682 2028 1842 2100 quiddamde
1851 2042 1902 2099 geu·

303 2122 379 2180 Unde
406 2138 439 2179 ex
463 2120 552 2178 l'ructu
581 2139 630 2179 suo
654 2139 708 2195 quo
733 2124 880 2196 imaginum
903 2123 1089 2181 adorationem
1140 2119 1227 2174 tilium
1250 2118 1340 2174 verbis
1357 2117 1414 2174 suis
1435 2116 1549 2172 inscruit
1566 2118 1705 2187 operibus,
1726 2125 1756 2173 ut
1779 2124 1817 2173 est
1832 2115 1900 2170 illud:

301 2212 419 2278 allectat,
446 2211 473 2267 id
494 2214 627 2268 somnium
653 2212 747 2269 luleire
771 2213 970 2271 evidentissime
994 2212 1090 2283 depre·
1140 2206 1274 2264 Cretenses
1294 2223 1395 2278 semper
1418 2206 1573 2273 mederer,
1597 2206 1677 2262 malm
1702 2207 1798 2271 bestie,
1822 2213 1901 2259 mitre

301 2300 429 2356 ienuam
447 2300 493 2357 itte
519 2302 630 2372 spiritus
653 2304 698 2374 qut
720 2303 747 2359 id
770 2304 871 2370 intulit,
898 2320 932 2360 ex
955 2304 1011 2360 lico
1035 2319 1089 2360 non
1139 2299 1207 2370 pirri
1219 2297 1282 2371 (lit.
1297 2296 1328 2368 ri·
1341 2296 1475 2353 Praeterea
1492 2312 1554 2353 cum
1577 2298 1744 2353 somniorum
1761 2294 1900 2353 caemar

301 2406 371 2447 esse.
384 2388 481 2446 Sedrm
494 2389 564 2446 lorte
584 2393 684 2448 nostris
695 2391 863 2451 solummodo
880 2394 1090 2466 argumentatio-
1139 2404 1198 2455 nes,
1224 2389 1265 2444 vel
1283 2389 1373 2459 potius
1394 2388 1526 2444 vanitates
1545 2389 1726 2453 discutimus,
1748 2403 1797 2442 ron
1813 2384 1899 2456 penitus

301 2482 381 2538 uibus
397 2481 450 2537 boe
461 2481 599 2537 videamur
609 2483 725 2548 edicere,
746 2495 914 2539 recurramus
931 2483 965 2539 ad
983 2483 1089 2539 divinas
1140 2481 1247 2537 illorum
1264 2495 1343 2536 usum
1368 2479 1547 2535 abdicantium
1567 2494 1628 2535 esse
1656 2486 1792 2534 testamur.
1805 2476 1898 2531 &mu

301 2574 467 2645 Scripturas,
484 2574 682 2645 interrogemus
704 2574 894 2646 legislatorem,
909 2573 982 2630 dicat
996 2583 1089 2630 utrum
1138 2570 1300 2643 patriarchis
1309 2578 1335 2625 et
1345 2570 1494 2640 prophetis,
1504 2570 1626 2643 quadam
1637 2569 1899 2636 sacratissimamque·

301 2662 405 2719 somuia
432 2661 584 2732 recipienda
606 2663 671 2729 siut,
693 2664 766 2718 dicat
790 2658 906 2732 qualiter
926 2664 1005 2719 nobis
1022 2678 1086 2735 erga
1140 2663 1180 2719 ria
1206 2662 1234 2717 in
1257 2662 1368 2726 somnis,
1394 2660 1436 2716 vel
1455 2660 1544 2730 potius
1565 2660 1592 2714 in
1614 2658 1762 2714 visionibus
1774 2660 1897 2712 monenti

300 2753 480 2810 somniatores
491 2752 623 2822 agendum
638 2760 689 2808 est.
710 2752 767 2819 bic,
783 2767 841 2818 oro,
857 2761 949 2809 sancte
972 2740 1086 2824 lloyses',
1139 2750 1203 2817 sint,
1216 2759 1243 2808 et
1258 2752 1329 2822 magi
1346 2761 1402 2806 tres
1414 2751 1441 2805 iu
1460 2752 1561 2806 somnis
1584 2750 1680 2805 nunniti
1695 2765 1728 2804 ne
1743 2748 1775 2803 ad
1788 2744 1897 2800 tnreulcu-

300 2842 634 2908 diemitissimerlrorum,
647 2842 690 2899 die
708 2842 858 2899 viruobilis
878 2852 906 2898 et
924 2858 1086 2899 arcanorum
1128 2846 1198 2902 'tum
1217 2846 1335 2901 redirent
1364 2854 1527 2917 tyrannum,
1550 2844 1664 2903 alterius
1688 2845 1762 2902 callis
1787 2842 1896 2899 tramitem

300 2932 348 2988 liei
358 2940 467 2989 suenus
478 2932 624 3002 inspector,
636 2931 681 2988 die
693 2932 736 2986 tir
749 2931 959 2988 clementissime
968 2942 996 2988 et
1020 2931 1089 2987 incl·
1140 2945 1259 2994 tererrtes
1280 2936 1404 3007 proprias
1426 2935 1622 3006 repedaverunt
1642 2937 1679 2993 acl
1702 2936 1784 2995 sedet.
1808 2940 1832 2989 et
1851 2931 1897 2985 rire

301 3022 390 3079 labilis
402 3023 448 3078 liei
462 3023 617 3080 fidelissime
628 3023 772 3095 interpres,
788 3022 834 3093 qui
844 3023 930 3093 legem
949 3024 977 3079 in
996 3032 1088 3081 monte
1140 3035 1234 3083 sancto
1263 3024 1361 3096 loseph
1391 3024 1418 3080 iu
1443 3025 1545 3081 somnis
1569 3025 1681 3097 augelus
1711 3023 1897 3096 apparuisset

301 3111 421 3182 peccatis
442 3113 606 3167 contrariam
628 3121 656 3168 et
679 3111 753 3167 vitiis
777 3111 914 3168 inimicam
942 3113 1087 3183 accipiens,
1139 3119 1165 3174 ci
1187 3117 1376 3189 mysteriorum
1397 3130 1496 3171 arcana
1515 3116 1609 3171 multis
1624 3124 1701 3172 retro
1715 3112 1897 3181 smeulisapre

301 3200 450 3272 glorificata
474 3200 658 3256 lacievultum
678 3200 874 3257 intolerabilem
892 3203 1088 3272 peecatotipe·
1138 3208 1227 3280 pbetis
1251 3205 1411 3263 annuntiata
1435 3204 1534 3277 legitur
1558 3204 1776 3261 demonstrasse:
1791 3202 1850 3257 unde
1870 3212 1897 3253 ot

301 3292 366 3364 pulo
377 3289 523 3357 adduxisti,
538 3300 568 3346 ut
579 3292 650 3347 sicut
661 3289 705 3346 lex
718 3306 799 3362 quam
813 3291 952 3348 delerebas
970 3291 1089 3362 peccatis
1138 3298 1200 3369 quis
1213 3297 1254 3353 bis
1267 3305 1294 3352 et
1312 3295 1355 3352 bis
1377 3295 1511 3352 similibus
1531 3296 1663 3366 exemplis
1677 3296 1830 3353 somniorum
1841 3293 1897 3347 imo·

301 3385 437 3442 contraria
450 3391 525 3451 erat,
542 3384 579 3439 ita
599 3383 726 3439 nimirum
743 3383 834 3439 uultus
858 3391 922 3439 tuns
942 3382 1090 3453 spectanti·
1139 3391 1227 3446 lenter
1245 3396 1354 3460 appetat
1381 3403 1475 3453 usum,
1486 3395 1520 3447 ,ει
1534 3402 1582 3443 eas
1602 3387 1735 3458 sequimi
1750 3379 1896 3445 credemrel

301 3478 353 3533 bus
371 3475 500 3531 terribilis
511 3483 598 3543 esset3
620 3473 673 3542 dic,
688 3474 846 3547 ririnclyte,
864 3475 910 3546 qui
926 3484 1018 3547 typum
1031 3475 1089 3531 veri
1138 3482 1166 3537 in
1189 3479 1366 3537 conventibus
1381 3478 1567 3542 recluserat
1589 3479 1624 3535 ab
1643 3479 1687 3535 bis
1705 3492 1776 3534 more
1787 3472 1896 3531 Theodori

301 3565 489 3636 ttcdemptoris
505 3580 610 3636 gerens,
639 3562 772 3621 mediator
795 3565 866 3620 iuter
887 3564 971 3621 Mum
992 3572 1020 3620 et
1041 3565 1090 3621 lm-
1138 3586 1183 3627 res
1200 3572 1228 3627 iu
1250 3570 1452 3627 comestionem
1466 3570 1606 3625 sentences
1621 3569 1752 3625 aldmrare
1767 3571 1895 3638 prasumat.

304 3658 391 3714 mines
414 3657 560 3724 exstitisti3
594 3657 628 3713 da
654 3663 818 3728 praeceptum
843 3662 934 3712 utrum
961 3655 1089 3727 quaelibet
1139 3664 1239 3719 idcirco
1252 3671 1293 3719 est
1307 3673 1337 3718 ut
1349 3663 1430 3732 paulo
1442 3663 1566 3731 superius
1583 3663 1770 3731 praemisimus,
1786 3677 1800 3714 a
1815 3654 1896 3712 sanetis

1200 1008 1299 1058 Somnia
1307 1018 1339 1056 rte
1350 1018 1440 1056 cures:
1453 1018 1507 1054 uam
1524 1018 1593 1055 mens
1604 1007 1709 1056 bamam
1719 1010 1783 1068 quod
1791 1018 1867 1073 aptat,

1199 1070 1260 1121 dum
1272 1067 1359 1133 vigilat
1366 1074 1464 1131 sperat,
1472 1080 1517 1129 per
1526 1079 1639 1117 murrum
1646 1071 1758 1121 emuttid
1773 1072 1852 1135 ipsun.

301 3750 406 3807 somnia
418 3748 549 3807 credenda
562 3749 632 3813 sint;
647 3745 806 3804 iareutrum
818 3746 983 3818 quibuslibet
1002 3747 1088 3804 inclu-
1139 3754 1286 3825 scripturis
1302 3754 1476 3823 prohibitum.
1499 3752 1626 3823 Legimus
1639 3753 1720 3807 etiam
1734 3747 1895 3806 iuldelibosac

301 3836 1090 3913 sionibusoonseususexhibendussit.Sissrreseritirrme-
1139 3847 1258 3920 protanis
1283 3849 1435 3917 quibusque
1461 3844 1570 3916 regibus
1592 3844 1716 3914 quadam
1751 3853 1837 3895 areana
1858 3847 1895 3905 pet

301 3933 345 3988 ‘¹5⁰
360 3933 399 3987 Μ
416 3933 560 4004 sterilem,
574 3939 619 3986 Μ
632 3930 775 3986 ‘emmeles
787 3930 832 4001 qai
854 3930 983 3985 ‘melem
996 3927 1090 3985 tillim
1139 3938 1243 3996 somnia
1268 3938 1460 4001 demonstrata,
1483 3950 1543 4004 qum
1570 3948 1623 3989 nou
1642 3933 1697 3989 illis
1717 3928 1823 3987 revelata
1846 3926 1894 3979 suat

301 4021 421 4086 “diceb
436 4031 460 4076 et
478 4021 629 4092 medium
645 4021 748 4091 mquam
768 4018 874 4089 elfwod
888 4029 965 4091 utque
984 4026 1090 4090 perteu—
1139 4030 1201 4086 ullis
1223 4029 1392 4101 propriomm
1420 4026 1578 4081 meritorum
1600 4021 1794 4095 praerogativis,
1814 4013 1853 4071 sed
1872 4017 1895 4064 tl

302 4123 368 4178 tum,
382 4120 408 4165 et
419 4112 529 4166 creuerit
540 4111 609 4182 qaod
622 4111 724 4166 locatus
735 4118 783 4176 ert,
796 4120 820 4165 et
832 4110 929 4166 dixerit
940 4110 1007 4166 tibi:
1027 4108 1090 4166 Verri
1139 4122 1189 4177 viri
1205 4119 1289 4176 stricti
1308 4118 1395 4189 quiea
1412 4115 1465 4171 illis
1479 4114 1580 4185 Spiritu
1592 4125 1688 4172 sancto
1700 4110 1824 4168 revelante
1835 4116 1894 4159 metr

302 4200 550 4273 numeraverat
569 4201 667 4255 edeam
683 4217 747 4271 quor
767 4201 884 4271 irrorat.
897 4217 950 4256 ern
970 4201 1090 4257 attendat
1139 4221 1269 4273 sumcere,
1288 4207 1435 4263 tortoribus
1455 4205 1674 4272 sublimaremur,
1691 4211 1717 4257 et
1730 4202 1783 4257 sors
1797 4195 1894 4251 matut

302 4293 522 4364 uerdapropbetm
538 4292 668 4346 illiserat
686 4292 862 4357 somniatoris,
875 4293 1032 4363 quietorum
1045 4310 1089 4350 aea
1139 4302 1267 4374 prodesse
1281 4297 1458 4368 concaptivis.
1474 4296 1633 4366 Quanquam
1649 4300 1751 4367 ergoet
1765 4286 1893 4345 ristoueset
1964 4298 1965 4303 ’

302 4382 430 4438 ⁰⁰me
444 4380 514 4438 Dete
526 4392 616 4446 elder,
629 4391 657 4437 *Ι
669 4381 757 4453 pamm
774 4381 855 4452 [πῖθ’
870 4391 959 4437 “mim
969 4382 1087 4453 dilidam
1102 4403 1124 4462 n
1138 4392 1241 4455 somnia
1256 4390 1361 4446 mixtim
1384 4388 1435 4445 diei
1446 4389 1612 4443 cousuetudo
1634 4387 1782 4447 admiserit,
1794 4372 1893 4437 intert'e

303 4490 362 4533 eura
373 4491 406 4529 ee
418 4482 472 4530 tete
486 4474 564 4530 corde
582 4483 665 4529 restro
687 4492 723 4529 uu
746 4489 798 4528 aaa
815 4473 911 4545 (lieret.
927 4474 1002 4545 xtu).
1019 4474 1089 4531 Eece
1138 4487 1229 4543 glories
1245 4496 1309 4537 vero
1322 4488 1348 4536 et
1365 4478 1469 4535 somnia
1491 4478 1543 4533 boe
1565 4478 1675 4547 quidam
1697 4475 1792 4531 distare
1810 4468 1892 4524 uuit

303 4566 464 4637 legislatoris
482 4566 641 4621 auctoritate
657 4566 834 4636 perdocemur
852 4565 922 4635 quod
945 4566 1027 4622 verba
1046 4580 1090 4622 so-
1138 4573 1209 4646 qnod
1232 4571 1336 4628 somnia
1365 4582 1397 4624 ea
1423 4575 1486 4623 sunt
1510 4582 1571 4637 qum
1597 4565 1751 4637 plerumque
1769 4559 1891 4615 labamur:

305 4656 478 4721 mniatorum,
497 4669 651 4725 quanquam
671 4655 796 4711 ellectum
818 4655 944 4722 babeant,
965 4672 1020 4712 nou
1045 4665 1088 4713 at·
1138 4665 1249 4721 veniunt
1268 4674 1333 4732 ergo
1346 4672 1537 4728 nonnunquam
1548 4672 1582 4713 ex
1595 4656 1766 4716 revehitque,
1779 4642 1893 4706 multabat

305 4745 460 4803 tendantur.
484 4745 562 4800 bimi
586 4761 657 4801 nunc
681 4745 817 4816 Sapientia
838 4748 903 4817 quid
926 4747 960 4803 de
976 4749 1089 4807 somniis
1137 4771 1203 4815 uem
1224 4763 1272 4810 aut
1288 4768 1322 4809 cx
1348 4750 1520 4823 cogitatione,
1538 4755 1585 4804 aut
1596 4763 1628 4803 ex
1652 4746 1800 4807 tentatione,
1811 4742 1851 4792 aut
1866 4744 1892 4786 et
1962 4754 1963 4757 ¹

284 4830 414 4893 ‘wlffin-
443 4834 489 4891 Ᾰῑῑ
505 4834 603 4889 inimi
626 4833 678 4889 W
697 4834 780 4890 ’ΝΜ
801 4846 862 4891 ⁸⁶⁸¹
887 4839 999 4905 ‘meltis
1028 4838 1087 4910 pls·
1138 4848 1273 4919 aliquibus
1290 4844 1333 4900 bis
1347 4840 1493 4906 similibus3
1508 4839 1627 4895 visiones
1642 4853 1706 4895 vero
1726 4837 1893 4896 uscunqqmt·

303 4928 380 4983 m
391 4926 527 4991 raritates,
540 4935 564 4980 et
580 4941 710 4981 “metm
722 4927 851 4982 linewert
868 4937 921 4982 5¹¹⁸
933 4945 991 4983 tere
1003 4929 1087 4985 mem
1138 4939 1199 4995 dam
1222 4932 1376 4992 veraciores
1396 4930 1592 4995 revelationes,
1611 4942 1722 4999 qaamm
1735 4923 1782 4979 tria
1793 4923 1848 4976 sunl
1859 4924 1892 4982 ιθ

303 5015 475 5089 aestuate.
484 5015 523 5087 r).
537 5014 790 5089 NametAEgyptios
798 5019 901 5073 somnia
914 5018 1089 5089 perturbasse
1136 5043 1212 5091 nem,
1235 5023 1376 5095 corporale
1400 5021 1535 5084 videlieet,
1562 5028 1590 5076 et
1612 5017 1738 5090 spiritale,
1752 5013 1804 5069 sire
1826 5006 1891 5062 etia!

303 5108 469 5173 mortar,
491 5104 597 5161 umente
622 5104 776 5175 &domm
796 5104 905 5162 Soanta
930 5109 1000 5163 enim
1027 5124 1087 5179 ιω
1137 5115 1326 5176 tntuteemte.
1341 5111 1645 5183 concussurum,
1661 5108 1731 5179 quoa
1752 5105 1830 5172 ttrer
1843 5106 1891 5151 ua
1961 5138 1962 5165 r

303 5196 365 5253 illos
381 5190 633 5264 turbauerurrtffiup.
646 5194 743 5267 xvttt);
763 5195 820 5251 baec
832 5195 1031 5266 significabant,
1053 5210 1088 5253 ne
1137 5226 1203 5283 pu„
1224 5205 1354 5277 spiritale,
1379 5219 1441 5260 curu
1460 5201 1591 5274 imagines
1612 5216 1702 5259 sorum
1720 5211 1776 5268 quae
1792 5191 1890 5245 stimat

304 5283 383 5341 ¹¹¹¹t²ii
403 5290 495 5339 Ml
514 5297 599 5352 ll¹¹⁸re
620 5283 689 5337 ¹⁰¹¹²
717 5292 883 5352 laetentur·
913 5284 1085 5343 Manifestum
1138 5298 1165 5352 iu
1190 5294 1319 5352 memoria
1348 5290 1503 5355 condimus;
1533 5287 1709 5346 intellectuale
1725 5294 1820 5352 nempe
1841 5282 1888 5330 Φ

305 5382 347 5431 est
361 5374 435 5430 euin
458 5371 556 5429 divium
569 5371 636 5442 legis
651 5372 855 5429 auctoritatibus
870 5374 974 5430 mmoia
994 5383 1024 5432 et
1038 5390 1087 5431 su·
1138 5400 1241 5457 eqqqae
1249 5381 1427 5453 corporaliter
1440 5380 1575 5446 ridemus,
1589 5387 1618 5436 et
1629 5368 1830 5448 imaginaliteriu
1845 5373 1888 5418 nt·

305 5465 383 5536 stille
394 5476 549 5530 lentem,
573 5471 601 5519 ²²
616 5471 718 5534 Μῑθ
730 5464 791 5532 ιΰὶθ
803 5478 835 5520 ἃ
852 5465 967 5536 amplius
987 5467 1087 5522 timite-
1139 5474 1224 5530 moria
1242 5472 1398 5537 retinemus,
1414 5470 1552 5525 intellectu
1577 5467 1758 5525 discernimus.
1776 5452 1887 5515 tumes·
1960 5496 1961 5501 η

306 5562 353 5620 nt.
365 5560 442 5610 unu
453 5567 502 5610 eor
514 5551 698 5622 queamus
711 5550 976 5611 attenuemus
996 5557 1087 5612 omat-
1138 5562 1417 5637 tgrruratsoeurum,
1432 5561 1504 5630 quoa
1518 5560 1583 5617 runa
1596 5548 1816 5627 resumite!
1834 5534 1887 5597 ‚ut

305 5645 357 5699 bos
369 5642 614 5712 reprehendendum
627 5643 789 5712 putavimus,
807 5644 878 5714 quod
889 5644 1017 5716 prelatus
1027 5646 1085 5717 epi-
1138 5654 1223 5711 titudo
1240 5651 1373 5723 corporis.
1389 5649 1468 5707 lluuc
1481 5665 1588 5722 quoque
1611 5646 1767 5706 intellectum
1783 5628 1885 5694 belm*
